@article{Ana07a,
	author = {Giuseppe Anastasi and Marco Conti and Enrico Gregori and Carlo Spagoni and Giuseppe Valente},
	title = {Motes Sensor Networks in Dynamic Scenarios},
	year  ={2007},
	journal = {International Journal of Ubiquitous Computing and Intelligence},
	volume = {1},
	number = {1},
	month = "April"
}  

@inproceedings{Ana07b,
	author = {Giuseppe Anastasi and Marco Conti and Emmanuele Monaldi and Andrea Passarella}, 
	title = {An Adaptive Data-transfer Protocol for Sensor Networks with {Data Mules}}, 
	booktitle = {WoWMoM `07: Proceedings of the 8\textsuperscript{th} IEEE International Symposium on a World of Wireless, Mobile and Multimedia Networks},
	pages = {1--8},
	year = {2007}
}

@inproceedings{Ana08b,
	author = {G. Anastasi and M. Conti and M. {Di Francesco}},
	title = {Data Collection in Sensor Networks with {Data Mules}: an Integrated Simulation Analysis},
	booktitle = {ISCC `08: Proceedings of the 13\textsuperscript{th} IEEE Symposium on Computers and Communications},
	venue = {Marrakech (Morocco)},
	month = {6-9 July},
	pages = {1096--1102},
	year = {2008}
}
 
@inproceedings{Ana09a,
	author = {G. Anastasi and M. Conti and M. {Di Francesco}}, 
	title = {An Analytical Study of Reliable and Energy-efficient Data Collection in Sparse Sensor Networks with Mobile Elements}, 
	booktitle = {EWSN `09: Proceedings of the 6\textsuperscript{th} European Conference on Wireless Sensor Networks},
	venue = {Cork (Ireland)},
	month = {11-13 February},
	pages = {199--215},
	year = {2009}
}

@article{Ana09b,
	author = {G. Anastasi and M. Conti and M. {Di Francesco} and A. Passarella},
	title = {Energy conservation in wireless sensor networks: A survey},
	year  ={2009},
	journal = {Ad Hoc Networks},
	publisher = {Elsevier},
	volume = {7},
	number = {3},
	month = "May",
	pages = {537--568}
}

@article{AnaTA,
	author = {Giuseppe Anastasi and Marco Conti and Mario {Di Francesco}},
	title = {Reliable and energy-efficient data collection in sparse sensor networks with mobile elements},
	journal = {Performance Evaluation},
	volume = {66},
	number = {12},
	pages = {791--810},
	year = {2009}
}

@Article{Barr02,
  author =	"Rimon Barr and John C. Bicket and Daniel S. Dantas and
		 Bowei Du and T. W. Dany Kim and Bing Zhou and Emin Gun
		 Sirer",
  title =	"On the Need for System-Level Support for Ad hoc and
		 Sensor Networks",
  number =	"2",
  volume =	"36",
  added-by =	"sti",
  added-at =	"Sun Jun 2 10:12:29 2002",
  pages =	"1--5",
  journal =	"{ACM} Operating Systems Review",
  year = 	"2002"
}

@inproceedings{Baruah04,
	author = {Baruah, Pritam and Urgaonkar, Rahul and Krishnamachari, Bhaskar},
	title = {Learning-Enforced Time Domain Routing to Mobile Sinks in Wireless Sensor Fields},
	booktitle = {LCN '04: Proceedings of the 29\textsuperscript{th} Annual IEEE International Conference on Local Computer Networks},
	year = {2004},
	pages = {525--532}
}

@InProceedings{Bian06,
  title =	"Utility based sensor selection",
  author =	"Fang Bian and David Kempe and Ramesh Govindan",
  bibdate =	"2006-07-12",
  bibsource =	"DBLP,
		 http://dblp.uni-trier.de/db/conf/ipsn/ipsn2006.html#BianKG06",
  booktitle =	"Proceedings of the Fifth International Conference on
		 Information Processing in Sensor Networks, {IPSN} 2006,
		 Nashville, Tennessee, {USA}, April 19-21, 2006",
  publisher =	"ACM",
  year = 	"2006",
  editor =	"John A. Stankovic and Phillip B. Gibbons and Stephen
		 B. Wicker and Joseph A. Paradiso",
  ISBN = 	"1-59593-334-4",
  pages =	"11--18",
  URL =  	"http://doi.acm.org/10.1145/1127777.1127783",
}

@Article{Boulis07,
  title =	"SensorWare: Programming sensor networks beyond code
		 update and querying",
  author =	"Athanassios Boulis and Chih-Chieh Han and Roy Shea and
		 Mani B. Srivastava",
  journal =	"Pervasive and Mobile Computing",
  year = 	"2007",
  number =	"4",
  volume =	"3",
  bibdate =	"2009-01-12",
  bibsource =	"DBLP,
		 http://dblp.uni-trier.de/db/journals/percom/percom3.html#BoulisHSS07",
  pages =	"386--412",
  URL =  	"http://dx.doi.org/10.1016/j.pmcj.2007.04.007"
}

@InProceedings{Byers00,
  title =	"Utility-based decision-making in wireless sensor
		 networks",
  author =	"John W. Byers and Gabriel Nasser",
  publisher =	"ACM",
  year = 	"2000",
  bibdate =	"2006-02-15",
  bibsource =	"DBLP,
		 http://dblp.uni-trier.de/db/conf/mobihoc/mobihoc2000.html#ByersN00",
  booktitle =	"MobiHoc",
  pages =	"143--144",
  URL =  	"http://doi.acm.org/10.1145/514151.514178",
}

@inproceedings{Cha03,
	author = {A. Chakrabarti and A. Sabharwal and B. Aazhang},
	title  ={Using Predictable Observer Mobility for Power Efficient Design of Sensor Networks},
	booktitle = {IPSN `03: Proceedings of the 2\textsuperscript{nd} International Workshop on Information Processing in Sensor Networks},
	pages = {129--145},
	year = {2003}
}

@InProceedings{Claus98,
  title =	"The Dynamics of Reinforcement Learning in Cooperative
		 Multiagent Systems",
  author =	"Caroline Claus and Craig Boutilier",
  year = 	"1998",
  bibdate =	"2002-01-03",
  bibsource =	"DBLP,
		 http://dblp.uni-trier.de/db/conf/aaai/aaai98.html#ClausB98",
  booktitle =	"AAAI/IAAI",
  pages =	"746--752",
}

@Article{Cur05,
  author = {Carlo Curino and Matteo Giani and Marco Giorgetta and Alessandro Giusti and Amy L. Murphy and Gian Pietro Picco},
  title = {Mobile Data Collection in Sensor Networks: The {{\sc TinyLime} Middleware}},
  journal = {Elsevier Pervasive and Mobile Computing Journal},
  year = {2005},
  volume = {4},
  number = {1},
  pages = {446--469},
  month = {December}
}

@inproceedings{Dyo08,
	author = {Dyo, Vladimir and Mascolo, Cecilia},
	title = {Efficient Node Discovery in Mobile Wireless Sensor Networks},
	booktitle = {DCOSS '08: Proceedings of the 4th IEEE international conference on Distributed Computing in Sensor Systems},
	year = {2008},
	pages = {478--485},
	location = {Santorini Island, Greece}
}

@InProceedings{Estrin99,
  author = 	 {D. Estrin, R. Govindan, J. Heidermann and S. Kumar},
  title = 	 {Next Century Challenges: Scalable Coordination in Sensor Networks},
  booktitle = {Proceedings of the 5\textsuperscript{th} annual ACM/IEEE international conference on Mobile computing and networking},
  pages = 	 {263 - 270},
  year = 	 {1999},
  address = 	 {Seattle, Washington, United States} 
}	

@Article{Fok09,
  title =	"Agilla: {A} mobile agent middleware for self-adaptive
		 wireless sensor networks",
  author =	"Chien-Liang Fok and Gruia-Catalin Roman and Chenyang
		 Lu",
  journal =	"TAAS",
  year = 	"2009",
  number =	"3",
  volume =	"4",
  bibdate =	"2009-07-28"
}

@Misc{Frank05,
  title =	"Algorithms for Generic Role Assignment in Wireless
		 Sensor Networks",
  author =	"Christian Frank and Kay R{\"o}mer",
  publisher =	"ACM Press",
  year = 	"2005",
  bibsource =	"OAI-PMH server at citeseerx.ist.psu.edu",
  contributor =  "CiteSeerX",
  language =	"en",
  oai =  	"oai:CiteSeerXPSU:10.1.1.59.8091",
  URL =  	"http://citeseerx.ist.psu.edu/viewdoc/summary?doi=10.1.1.59.8091;
		 http://www.vs.inf.ethz.ch/publ/papers/sensys05.roleassignment.ps"
}
@inproceedings{Gan03,
	author = {S.R. Gandham  and M. Dawande and R. Prakash and S. Venkatesan},
	title  = {Energy efficient schemes for wireless sensor networks with multiple mobile base stations},
	year = {2003},
	booktitle = {GLOBECOM `03: Proceedings of the 46\textsuperscript{th} Global Communications Conference},
	pages = {377--381}
}

@inproceedings{Gu05,
	author = {Y. Gu and D. Bozdag and E. Ekici and F. Ozguner and C. Lee},
	title  = {Partitioning Based Mobile Element Scheduling in Wireless Sensor Networks},
	year = {2005},
	pages = {386--395},
	booktitle = {SECON `05: Proceedings of the 2\textsuperscript{nd} IEEE Communications Society Conference on Sensor and Ad Hoc Communications and Networks}
}

@inproceedings{Gu06,
	author = {Y. Gu and D. Bozdag and E. Ekici},
	title  ={Mobile Element Based Differentiated Message Delivery in Wireless Sensor Networks},
	year = {2006},
	booktitle = {WoWMoM `06: Proceedings of the 7\textsuperscript{th} IEEE International Symposium on a World of Wireless, Mobile and Multimedia Networks},
	pages = {83--92}
}

@InProceedings{Gummadi05,
  author =	"Ramakrishna Gummadi and Nupur Kothari and Ramesh
		 Govindan and Todd Millstein",
  title =	"Kairos: a macro-programming system for wireless sensor
		 networks",
  booktitle =	"SOSP '05: Proceedings of the twentieth ACM symposium
		 on Operating systems principles",
  year = 	"2005",
  ISBN = 	"1-59593-079-5",
  pages =	"1--2",
  location =	"Brighton, United Kingdom",
  doi =  	"10.1145/1095810.1118600",
  publisher =	"ACM",
  address =	"New York, NY, USA",
  doi-url =	"http://dx.doi.org/10.1145/1095810.1118600"
}

@Article{Hadem06,
	author = {Salem Hadim and Nader Mohamed},
	title = {Middleware challenges and approaches for wireless sensor networks},
	journal = {IEEE Distributed Systems Online},
	year = {2006},
	month = {March},
	volume = {7},
	number = {3}
}

@article{Heinzelman04,
	author = {W. Heinzelman and A. Murphy and H. Carvalho and M. Perillo},
	title = {Middleware to Support Sensor Network Applications},
	journal = {IEEE Network},
	month = {January},
	volume = {18},
	number = {1},
	pages = {6--14}, 
    year = {2004}
}

@article{Jai06,
	author = {S. Jain and R. Shah and W. Brunette and G. Borriello and S. Roy},
	title = {Exploiting Mobility for Energy Efficient Data Collection in Wireless Sensor Networks},
	year  ={2006},
	journal = {ACM/Springer Mobile Networks and Applications},
	pages = {327-339},
	volume = {11},
	number = {3},
	month = "June"
}

@inproceedings{Jea05,
	author = {D. Jea and A. Somasundra and M. Srivastava},
	title  ={Multiple Controlled Mobile Elements (Data Mules) for Data Collection in Sensor Networks},
	year = {2005},
	pages = {244--257},
	booktitle = {DCOSS `05: Proceedings of the 1\textsuperscript{th} IEEE International Conference on Distributed Computing in Sensor Systems}
}

@inproceedings{Jun05b,
	author = {H. Jun and M. Ammar and E. Zegura},
	title  = {Power Management in Delay Tolerant Networks: A Framework and Knowledge-Based Mechanisms},
	booktitle = {SECON `05: Proceedings of the 2\textsuperscript{nd} IEEE Communications Society Conference on Sensor and Ad Hoc Communications and Networks},
	pages = {418--429},
	year = {2005}
}

@inproceedings{Kan04,
	author = {A. Kansal and A. Somasundara and D. Jea and M. Srivastava and D. Estrin},
	title  ={Intelligent Fluid Infrastructure for Embedded Networks},
	booktitle = {Mobisys `04: Proceedings of the 2\textsuperscript{nd} ACM International Conference on Mobile Systems, Applications and Services},
	pages = {111--124},
	year = {2004}
}

@InProceedings{Kogekar04,
  author =	"Sachin Kogekar and Sandeep Neema and Brandon Eames and
		 Xenofon Koutsoukos and Akos Ledeczi and Miklos Maroti",
  title =	"Constraint-guided dynamic reconfiguration in sensor
		 networks",
  pages =	"379--387",
  booktitle =	"Proceedings of the third international symposium on
		 Information processing in sensor networks ({IPSN}-04)",
  month =	apr # " ~26--27",
  publisher =	"ACM Press",
  address =	"New York",
  year = 	"2004",
}

@Article{Krishnamachari03,
  title =	"On the Complexity of Distributed Self-Configuration in
		 Wireless Networks",
  author =	"Bhaskar Krishnamachari and Stephen B. Wicker and
		 Ram{\'o}n B{\'e}jar and C{\`e}sar Fern{\'a}ndez",
  journal =	"Telecommunication Systems",
  year = 	"2003",
  number =	"1-4",
  volume =	"22",
  bibdate =	"2006-05-30",
  bibsource =	"DBLP,
		 http://dblp.uni-trier.de/db/journals/telsys/telsys22.html#KrishnamachariWBF03",
  pages =	"33--59",
  URL =  	"http://dx.doi.org/10.1023/A:1023426501170",
}

@book{Kur09,
	title = {Computer Networking -- A Top-Down Approach Featuring the Internet},
    author = {J. F. Kurose and K. W. Ross},
    edition = {5\textsuperscript{th}},
    publisher = {Addison-Wesley Professional},
    year = {2009}
}

@Article{Levis02,
  author =	"Philip Levis and David Culler",
  title =	"{Mat{\'e}}: a tiny virtual machine for sensor
		 networks",
  journal =	"ACM SIG{\-}PLAN Notices",
  volume =	"37",
  number =	"10",
  pages =	"85--95",
  month =	oct,
  year = 	"2002",
  CODEN =	"SINODQ",
  ISSN = 	"0362-1340",
  bibdate =	"Thu May 15 12:23:09 MDT 2003",
  bibsource =	"http://portal.acm.org/"
}

@Book{Lesser03,
  author = 	 {Victor Lesser, Charles Ortiz, Milind Tambe},
  title = 	 {Distributed Sensor Networks: A Multiagent Perspective},
  publisher = 	 {Kluwer Academic Publisher},
  year = 	 {2003}  
}

@InBook{Ortiz03,
  author = 	 {Charles Ortiz, Timothy Rauenbush, Eric Hsu, Regis Vincent},
  editor = 	 {Victor Lesser, Charles Ortiz, Milind Tambe},
  title = 	 {Distributed Sensor Networks: A Multiagent Perspective},
  chapter = 	 {Dynamic resource-bounded negotiation in non-additive domains},
  publisher = 	 {Kluwer Academic Publisher},
  year = 	 {2003},
  pages = 	 {61-106}
}

@InBook{Soh03,
  author = 	 {Leen-Kiat Soh, Costa Tsatsoulis, Huseyin Sevay},
  editor = 	 {Victor Lesser, Charles Ortiz, Milind Tambe},
  title = 	 {Distributed Sensor Networks: A Multiagent Perspective},
  chapter = 	 {A satisfying, negotiated and learning coalition formation architecture},
  publisher = 	 {Kluwer Academic Publisher},
  year = 	 {2003},
  pages = 	 {109-137}
}

@inproceedings{Liu03,
	author = {Liu, Ting and Martonosi, Margaret},
	title = {Impala: a middleware system for managing autonomic, parallel sensor systems},
	booktitle = {PPoPP '03: Proceedings of the 9\textsuperscript{th} ACM SIGPLAN symposium on Principles and practice of parallel programming},
	year = {2003},
	pages = {107--118},
	location = {San Diego, California, USA}
}

@InProceedings{Madden02,
  author = 	 {S. R. Madden, M. J. Franklin, J. M. Hellerstein, and W.
Hong},
  title = 	 {TAG: a Tiny Aggregation Service for Ad-Hoc Sensor Networks},
  booktitle = {USENIX Symposium on Operating Systems Design and Implementation (OSDI)},
  year = 	 {2002},
  address = 	 {Boston, USA},
  month = 	 {December}  
}
@article{Mah92,
	author = {S. Mahadevan and J. Conell},
	title = {Automatic programming of behavior-based robots using reinforcement learning},
	journal = {Artificial Intelligence},
	volume = {55}, 
	number = {2},
	pages = {311--365},
	year = {1992}
}

@inproceedings{Mai05,
	author = {Mainland, Geoffrey and Parkes, David C. and Welsh, Matt},
	title = {Decentralized, adaptive resource allocation for sensor networks},
	booktitle = {NSDI `05: Proceedings of the 2\textsuperscript{nd} Symposium on Networked Systems Design \& Implementation},
	year = {2005},
	pages = {315--328}
}

@inproceedings{Marron05,
	author = {P. J. Marron and A. Lachenmann and D. Minder and J. Hahner and R. Sauter and K. Rothermel},
	title = {{TinyCubus}: a flexible and adaptive framework sensor networks},
	booktitle = {EWSN `05: Proceedings of the 2\textsuperscript{nd} European Workshop on Wireless Sensor Networks},
	pages = {278--289},
	year = {2005}
}

@misc{Mica2,
	author = {{Crossbow Technology}},
	title = {MICA2 Wireless Measurement System},
	howpublished = {http://www.xbow.com/Products/Product\_pdf\_files/Wireless\_pdf/ MICA2\_Datasheet.pdf}
}

@Article{Modi05,
  author =	"P. J. Modi and W. Shen and M. Tambe and M. Yokoo",
  title =	"Adopt: asynchronous distributed constraint
		 optimization with quality guarantees",
  journal =	"Artificial Intelligence",
  volume =	"161",
  number =	"1-2",
  pages =	"149--180",
  keywords =	"algorithms, honours reading, constraint satisfaction,
		 honours reading",
  year = 	"2005",
}

@book{Pet07,
        title = {Computer Networks: A Systems Approach},
        author = {Larry L. Peterson and Bruce S. Davie},
        edition = {Fourth},
        publisher = {Morgan Kaufmann},
        year = {2007}
}

@Article{Sadagopan06,
  title =	"Decentralized Utility-based Sensor Network Design",
  author =	"Narayanan Sadagopan and Mitali Singh and Bhaskar
		 Krishnamachari",
  journal =	"MONET",
  year = 	"2006",
  number =	"3",
  volume =	"11",
  bibdate =	"2006-07-19",
  bibsource =	"DBLP,
		 http://dblp.uni-trier.de/db/journals/monet/monet11.html#SadagopanSK06",
  pages =	"341--350",
  URL =  	"http://dx.doi.org/10.1007/s11036-006-5187-8",
}
 
@article{Shah07,
	author = {Shah, Kunal and Kumar, Mohan},
	title = {Distributed Independent Reinforcement Learning ({DIRL}) Approach to Resource Management in Wireless Sensor Networks},
	journal = {MASS `07: Proceedings of the 4\textsuperscript{th}IEEE Internatonal Conference on Mobile Adhoc and Sensor Systems)},
	year = {2007},
	month = {October}, 
	pages = {1-9}
}

@inproceedings{Sha03,
	author = {R. C. Shah and S. Roy and S. Jain and W. Brunette},
	title  ={Data MULEs: Modeling a Three-tier Architecture for Sparse Sensor Networks},
	booktitle = {SNPA `03: Proceedings of the 1\textsuperscript{st} IEEE Workshop on Sensor Network Protocols and Applications},
	pages = {30--41},
	year = {2003}
}

@article{Som06,
	author = {A. Somasundara and A. Kansal and D. Jea and D. Estrin and M. Srivastava},
	title = {Controllably Mobile Infrastructure for Low Energy Embedded Networks},
	year  = {2006},
	volume = {5},
	number = {8},
	pages = {1536--1233},
	journal = {IEEE Transactions on Mobile Computing}
}
@INPROCEEDINGS{Son03,
    author = {Shuoqi Li Sang H. Son},
    title = {Event detection services using data service middleware in distributed sensor networks},
    booktitle = {Distributed Sensor Networks},
    year = {2003}
}
@ARTICLE{Srisathapornphat01,
    author = {Chavalit Srisathapornphat and Chaiporn Jaikaeo and Chien-chung Shen},
    title = {Sensor Information Networking Architecture and Applications},
    journal = {IEEE Personal Communications},
    year = {2001},
    volume = {8},
    pages = {52--59}
}

@phdthesis{Sutton84,
 	author= {R. Sutton},
	title = {Temporal credit assignment in reinforcement learning},
	school = {Department of Computer Science, University of Massachusetts, Amherst, MA 01003},
	note = {Published as COINS Technical Report 84-2},
	year = {1984}
}

@Book{Sutton98,
  author =	"R. S. Sutton and A. G. Barto",
  title =	"Reinforcement Learning: An Introduction",
  publisher =	"The \uppercase{MIT} Press",
  year = 	"1998",
  address =	"Cambridge, MA",
  URL = "http://www.cs.ualberta.ca/~sutton/book/ebook/the-book.html"
}

@Misc{TinyOS,
  key =  	"TinyOS",
  keywords =	"sensors embedded systems wireless",
  note = 	"http://www.tinyos.net",
  title =	"{TinyOS}: An open-source {OS} for the networked sensor
		 regime",
  URL =  	"http://www.tinyos.net"
}

@InProceedings{Terfloth06,
  title =	"{FACTS} - {A} rule-based middleware architecture for
		 wireless sensor networks",
  author =	"Kirsten Terfloth and Georg Wittenburg and Jochen H.
		 Schiller",
  publisher =	"IEEE",
  year = 	"2006",
  bibdate =	"2006-11-09",
  booktitle =	"COMSWARE"  
}

@Book{Tumer04,
  ALTauthor = 	 {Kagan Tumer, David H. Wolpert},
  title = 	 {Collectives and the design of complex systems},
  publisher = 	 {Springer-Verlag},
  year = 	 {2004}  
}

@inproceedings{Wang05,
	author = {Z. M. Wang and S. Basagni and E. Melachrinoudis and C. Petrioli},
	booktitle = {HICSS-38: the 38\textsuperscript{th} Hawaii International Conference on System Sciences (HICSS) },
	title = {Exploiting Sink Mobility for Maximizing Sensor Networks Lifetime},
	pages = {287a--287a},
	year = {2005}
}

@Article{Wang08,
  title =	"Middleware for Wireless Sensor Networks: {A} Survey",
  author =	"Miaomiao Wang and Jiannong Cao and Jing Li and Sajal
		 K. Das",
  journal =	"J. Comput. Sci. Technol",
  year = 	"2008",
  number =	"3",
  volume =	"23",
  bibdate =	"2008-08-08",
  bibsource =	"DBLP,
		 http://dblp.uni-trier.de/db/journals/jcst/jcst23.html#WangCLD08",
  pages =	"305--326",
  URL =  	"http://dx.doi.org/10.1007/s11390-008-9135-x"
}

@phdthesis{Watkins89,
	author = {Watkins, Christopher},
	priority = {2},
	school = {University of Cambridge, England},
	title = {Learning from Delayed Rewards},
	year = {1989}
}

@article{Watkins92,
	author = {Watkins, Christopher J. and Dayan, Peter},
	journal = {Machine Learning},
	month = {May},
	number = {3},
	pages = {279--292},
	posted-at = {2007-12-17 18:05:56},
	priority = {1},
	title = {Q-learning},
	volume = {8},
	year = {1992}
}

@InProceedings{Welsh04,
  title =	"Programming Sensor Networks Using Abstract Regions",
  author =	"Matt Welsh and Geoffrey Mainland",
  publisher =	"USENIX",
  year = 	"2004",
  bibdate =	"2008-06-04",
  bibsource =	"DBLP,
		 http://dblp.uni-trier.de/db/conf/nsdi/nsdi2004.html#WelshM04",
  booktitle =	"NSDI",
  pages =	"29--42",
  URL =  	"http://www.usenix.org/events/nsdi04/tech/welsh.html"
}

@InProceedings{Whitehouse04,
  title =	"Hood: {A} Neighborhood Abstraction for Sensor
		 Networks",
  author =	"Kamin Whitehouse and Cory Sharp and David E. Culler
		 and Eric A. Brewer",
  publisher =	"USENIX",
  year = 	"2004",
  bibdate =	"2004-11-30",
  bibsource =	"DBLP,
		 http://dblp.uni-trier.de/db/conf/mobisys/mobisys2004.html#WhitehouseSCB04",
  booktitle =	"MobiSys"
}

@Article{Wolpert99,
  title =	"An Introduction to Collective Intelligence",
  author =	"David Wolpert and Kagan Tumer",
  journal =	"CoRR",
  year = 	"1999",
  volume =	"cs.LG/9908014",
  note = 	"informal publication",
  bibdate =	"2008-01-02",
  bibsource =	"DBLP,
		 http://dblp.uni-trier.de/db/journals/corr/corr9908.html#cs-LG-9908014",
  URL =  	"http://arxiv.org/abs/cs.LG/9908014",
}

@Article{Wolpert02,
  title =	"Collective Intelligence, Data Routing and Braess'
		 Paradox",
  author =	"David Wolpert and Kagan Tumer",
  journal =	"J. Artif. Intell. Res. (JAIR)",
  year = 	"2002",
  volume =	"16",
  bibdate =	"2010-06-11",
  bibsource =	"DBLP,
		 http://dblp.uni-trier.de/db/journals/jair/jair16.html#WolpertT02",
  pages =	"359--387",
  URL =  	"http://dx.doi.org/10.1613/jair.995",
}

@article{Yao02,
  author = 	 {Yong Yao and Johannes Gehrke},
  title = 	 {The cougar approach to in-network query processing in sensor networks},
  journal =  {ACM SIGMOD},
  year = 	 {2002},
  volume = 	 {31},
  number = 	 {3},
  pages = 	 {9-18},
  month = 	 {September}
}
@Article{Yu04,
  title =	"Issues in Designing Middleware for Wireless Sensor
		 Networks",
  author =	"Yang Yu and Bhaskar Krishnamachari and Viktor K.
		 Prasanna",
  journal =	"IEEE Network",
  year = 	"2004",
  number =	"1",
  volume =	"18",
  bibdate =	"2009-04-17",
  pages =	"15--21"
}
@inproceedings{Zha03,
	author = {W. Zhao and M. Ammar},
	booktitle = {FTDCS `03: 9\textsuperscript{th} IEEE International Workshop on Future Trends of Distributed Computing Systems},
	title = {Message Ferrying: Proactive Routing in Highly-Partitioned Wireless Ad Hoc Networks},
	month = {May},
	pages = {308--314},
	year = {2003}
}