Time,Algorithm,NID,# Interests, #Data Packets, #Reinforcements, Task1, #Executions, Task2, #Executions, Task3,#Executions,,,,,
Thu Dec 31 19:44:34 CST 2009,DIFFUSION,24,953,42,0,,,,,,,,,,,
Thu Dec 31 19:44:34 CST 2009,DIFFUSION,24,953,42,0,,,,,,,,,,,
Thu Dec 31 19:44:34 CST 2009,DIFFUSION,48,2596,34,0,,,,,,,,,,,
Thu Dec 31 19:44:34 CST 2009,DIFFUSION,48,3326,35,0,,,,,,,,,,,
Thu Dec 31 19:44:34 CST 2009,DIFFUSION,32,1235,3,0,7815.8,,,,,,,,,,
Thu Dec 31 19:44:34 CST 2009,DIFFUSION,32,1235,3,0,7830.9,,,,,,,,,,
Thu Dec 31 19:44:34 CST 2009,DIFFUSION,24,430,0,0,7891,,,,,,,,,,
Thu Dec 31 19:44:34 CST 2009,DIFFUSION,40,1368,3,0,7786.1,,,,,,,,,,
Thu Dec 31 19:44:49 CST 2009,DIRL,84,1072,91,task-Sleep,614,task-Diffuse,1385,,,,,,,,
Thu Dec 31 19:44:49 CST 2009,DIRL,84,1021,84,task-Sleep,647,task-Diffuse,1352,,,,,,,,
Thu Dec 31 19:44:49 CST 2009,DIRL,113,1464,160,task-Sleep,436,task-Diffuse,1563,,,,,,,,
Thu Dec 31 19:44:49 CST 2009,DIRL,113,1277,141,task-Sleep,459,task-Diffuse,1540,,,,,,,,
Thu Dec 31 19:44:49 CST 2009,DIRL,76,114,64,task-10-0,1160,task-Sleep,565,task-Diffuse,274,,,,,,
Thu Dec 31 19:44:49 CST 2009,DIRL,76,212,30,task-Sleep,1122,task-Diffuse,877,,,,,,,,
Thu Dec 31 19:44:49 CST 2009,DIRL,21,59,4,task-10-0,159,task-Sleep,1502,task-Diffuse,338,,,,,,
Thu Dec 31 19:44:49 CST 2009,DIRL,85,116,104,task-10-0,1474,task-Sleep,392,task-Diffuse,133,,,,,,
Fri Jan 01 10:07:00 CST 2010,DIFFUSION,24,953,42,0,7855.4,,,,,,,,,,
Fri Jan 01 10:07:00 CST 2010,DIFFUSION,24,953,42,0,7855.5,,,,,,,,,,
Fri Jan 01 10:07:00 CST 2010,DIFFUSION,48,2596,34,0,7730.6,,,,,,,,,,
Fri Jan 01 10:07:00 CST 2010,DIFFUSION,48,3326,35,0,7710.7,,,,,,,,,,
Fri Jan 01 10:07:00 CST 2010,DIFFUSION,32,1235,3,0,7815.8,,,,,,,,,,
Fri Jan 01 10:07:00 CST 2010,DIFFUSION,32,1235,3,0,7830.9,,,,,,,,,,
Fri Jan 01 10:07:00 CST 2010,DIFFUSION,24,430,0,0,7891,,,,,,,,,,
Fri Jan 01 10:07:00 CST 2010,DIFFUSION,40,1368,3,0,7786.1,,,,,,,,,,
Fri Jan 01 10:07:09 CST 2010,DIRL,3.342004792,null,,,,,,,,,,,,,
Fri Jan 01 10:07:09 CST 2010,DIRL,2.093228073,null,,,,,,,,,,,,,
Fri Jan 01 10:07:09 CST 2010,DIRL,0,9740.6,,,,,,,,,,,,,
Fri Jan 01 10:07:09 CST 2010,DIRL,0.226837466,null,,,,,,,,,,,,,
Fri Jan 01 10:07:09 CST 2010,DIRL,0.891906333,null,,,,,,,,,,,,,
Fri Jan 01 10:07:09 CST 2010,DIRL,8.945689754,null,,,,,,,,,,,,,
Fri Jan 01 10:07:09 CST 2010,DIRL,12.98947656,null,,,,,,,,,,,,,
Fri Jan 01 10:07:09 CST 2010,DIRL,0,8696.1,,,,,,,,,,,,,
Fri Jan 01 10:27:35 CST 2010,DIRL,4.279022963,null,,,,,,,,,,,,,
Fri Jan 01 10:27:35 CST 2010,DIRL,2.616198551,null,,,,,,,,,,,,,
Fri Jan 01 10:27:35 CST 2010,DIRL,0,11405.6,,,,,,,,,,,,,
Fri Jan 01 10:27:35 CST 2010,DIRL,1.567356888,null,,,,,,,,,,,,,
Fri Jan 01 10:27:35 CST 2010,DIRL,3.394000954,null,,,,,,,,,,,,,
Fri Jan 01 10:27:35 CST 2010,DIRL,3.963340109,null,,,,,,,,,,,,,
Fri Jan 01 10:27:35 CST 2010,DIRL,5.388214199,null,,,,,,,,,,,,,
Fri Jan 01 10:27:35 CST 2010,DIRL,0,11731.1,,,,,,,,,,,,,
Fri Jan 01 10:27:35 CST 2010,DIRL,1.602273684,null,,,,,,,,,,,,,
Fri Jan 01 10:27:36 CST 2010,DIRL,2.654273498,null,,,,,,,,,,,,,
Fri Jan 01 10:27:36 CST 2010,DIRL,4.444329004,null,,,,,,,,,,,,,
Fri Jan 01 10:27:36 CST 2010,DIRL,0,11321.5,,,,,,,,,,,,,
Fri Jan 01 10:27:36 CST 2010,DIRL,0.212126523,null,,,,,,,,,,,,,
Fri Jan 01 10:35:53 CST 2010,DIFFUSION,1,32,13241,69121,0,6545.4,,,,,,,,,
Fri Jan 01 10:35:53 CST 2010,DIFFUSION,2,32,13232,95768,0,6375.5,,,,,,,,,
Fri Jan 01 10:35:53 CST 2010,DIFFUSION,3,53,27325,72921,0,5485.6,,,,,,,,,
Fri Jan 01 10:35:54 CST 2010,DIFFUSION,4,53,27224,72812,0,5480.7,,,,,,,,,
Fri Jan 01 10:35:54 CST 2010,DIFFUSION,5,35,17346,68701,0,6210.8,,,,,,,,,
Fri Jan 01 10:35:54 CST 2010,DIFFUSION,6,30,15074,68700,0,6355.9,,,,,,,,,
Fri Jan 01 10:35:54 CST 2010,DIFFUSION,7,20,9091,29068,0,7101,,,,,,,,,
Fri Jan 01 10:35:54 CST 2010,DIFFUSION,8,40,19260,97765,0,6026.1,,,,,,,,,
Fri Jan 01 10:35:54 CST 2010,DIFFUSION,9,53,26923,98189,0,5511.2,,,,,,,,,
Fri Jan 01 10:35:54 CST 2010,DIFFUSION,10,32,12658,95924,0,6381.3,,,,,,,,,
Fri Jan 01 10:35:54 CST 2010,DIFFUSION,11,32,12255,74408,0,6526.4,,,,,,,,,
Fri Jan 01 10:35:54 CST 2010,DIFFUSION,12,35,17739,86233,0,6221.5,,,,,,,,,
Fri Jan 01 10:35:54 CST 2010,DIFFUSION,13,52,27218,79253,0,5491.6,,,,,,,,,
Fri Jan 01 10:43:49 CST 2010,DIRL,2.395613578,null,,,,,,,,,,,,,
Fri Jan 01 10:43:49 CST 2010,DIRL,2.976261798,null,,,,,,,,,,,,,
Fri Jan 01 10:43:49 CST 2010,DIRL,0,9995.6,,,,,,,,,,,,,
Fri Jan 01 10:43:49 CST 2010,DIRL,0,9650.7,,,,,,,,,,,,,
Fri Jan 01 10:43:49 CST 2010,DIRL,3.651711876,null,,,,,,,,,,,,,
Fri Jan 01 10:43:49 CST 2010,DIRL,5.763527974,null,,,,,,,,,,,,,
Fri Jan 01 10:43:49 CST 2010,DIRL,6.040665105,null,,,,,,,,,,,,,
Fri Jan 01 10:43:49 CST 2010,DIRL,0.473423804,null,,,,,,,,,,,,,
Fri Jan 01 10:46:25 CST 2010,DIFFUSION,1,19,5858,68380,0,7470.4,,,,,,,,,
Fri Jan 01 10:46:25 CST 2010,DIFFUSION,2,19,5857,68380,0,7450.5,,,,,,,,,
Fri Jan 01 10:46:25 CST 2010,DIFFUSION,3,34,20026,74117,0,6840.6,,,,,,,,,
Fri Jan 01 10:46:25 CST 2010,DIFFUSION,4,34,19611,78125,0,6840.7,,,,,,,,,
Fri Jan 01 10:46:25 CST 2010,DIFFUSION,5,24,12615,62394,0,7060.8,,,,,,,,,
Fri Jan 01 10:46:25 CST 2010,DIFFUSION,6,24,12500,62394,0,7100.9,,,,,,,,,
Fri Jan 01 10:46:25 CST 2010,DIFFUSION,7,18,9861,42166,0,7336,,,,,,,,,
Fri Jan 01 10:46:25 CST 2010,DIFFUSION,8,30,15607,61984,0,6931.1,,,,,,,,,
Fri Jan 01 10:58:17 CST 2010,DIRL,4.474199278,null,,,,,,,,,,,,,
Fri Jan 01 10:58:17 CST 2010,DIRL,5.991871775,null,,,,,,,,,,,,,
Fri Jan 01 10:58:17 CST 2010,DIRL,0.490839281,null,,,,,,,,,,,,,
Fri Jan 01 10:58:17 CST 2010,DIRL,1.495837374,null,,,,,,,,,,,,,
Fri Jan 01 10:58:17 CST 2010,DIRL,0,10615.8,,,,,,,,,,,,,
Fri Jan 01 10:58:17 CST 2010,DIRL,6.534281574,null,,,,,,,,,,,,,
Fri Jan 01 10:58:17 CST 2010,DIRL,13.6280363,null,,,,,,,,,,,,,
Fri Jan 01 10:58:17 CST 2010,DIRL,0,10416.1,,,,,,,,,,,,,
Fri Jan 01 10:58:17 CST 2010,DIRL,0,9961.2,,,,,,,,,,,,,
Fri Jan 01 10:58:17 CST 2010,DIRL,3.18334223,null,,,,,,,,,,,,,
Fri Jan 01 10:58:17 CST 2010,DIRL,3.483983258,null,,,,,,,,,,,,,
Fri Jan 01 10:58:17 CST 2010,DIRL,1.052898658,null,,,,,,,,,,,,,
Fri Jan 01 10:58:17 CST 2010,DIRL,0,11551.6,,,,,,,,,,,,,
Fri Jan 01 10:59:39 CST 2010,DIFFUSION,1,42,2048,96,0,7530.4,,,,,,,,,
Fri Jan 01 10:59:39 CST 2010,DIFFUSION,2,42,1906,108,0,7495.5,,,,,,,,,
Fri Jan 01 10:59:39 CST 2010,DIFFUSION,3,76,4270,54,0,7170.6,,,,,,,,,
Fri Jan 01 10:59:39 CST 2010,DIFFUSION,4,76,3714,57,0,7205.7,,,,,,,,,
Fri Jan 01 10:59:39 CST 2010,DIFFUSION,5,48,1785,14,0,7475.8,,,,,,,,,
Fri Jan 01 10:59:39 CST 2010,DIFFUSION,6,41,1640,13,0,7540.9,,,,,,,,,
Fri Jan 01 10:59:39 CST 2010,DIFFUSION,7,28,563,1,0,7731,,,,,,,,,
Fri Jan 01 10:59:39 CST 2010,DIFFUSION,8,55,1916,14,0,7411.1,,,,,,,,,
Fri Jan 01 10:59:39 CST 2010,DIFFUSION,9,76,3787,54,0,7196.2,,,,,,,,,
Fri Jan 01 10:59:39 CST 2010,DIFFUSION,10,42,1882,106,0,7501.3,,,,,,,,,
Fri Jan 01 10:59:39 CST 2010,DIFFUSION,11,42,1497,89,0,7506.4,,,,,,,,,
Fri Jan 01 10:59:39 CST 2010,DIFFUSION,12,48,1785,13,0,7471.5,,,,,,,,,
Fri Jan 01 10:59:39 CST 2010,DIFFUSION,13,75,3919,57,0,7196.6,,,,,,,,,
Fri Jan 01 11:38:54 CST 2010,DIRL,1,503,549,91,task-Sleep,2642,task-Diffuse,1357,0,19940.4,,,,,
Fri Jan 01 11:38:54 CST 2010,DIRL,2,643,771,144,task-Sleep,2576,task-Diffuse,1423,0,17795.5,,,,,
Fri Jan 01 11:38:54 CST 2010,DIRL,3,660,780,151,task-Sleep,2393,task-Diffuse,1606,0,12265.6,,,,,
Fri Jan 01 11:38:54 CST 2010,DIRL,4,604,928,193,task-Sleep,2348,task-Diffuse,1651,0,11140.7,,,,,
Fri Jan 01 11:38:54 CST 2010,DIRL,5,257,163,115,task-10-0,1114,task-Sleep,2395,task-Diffuse,490,0,14035.8,,,
Fri Jan 01 11:38:54 CST 2010,DIRL,6,328,219,42,task-Sleep,2883,task-Diffuse,1116,3.720541488,null,,,,,
Fri Jan 01 11:38:54 CST 2010,DIRL,7,34,169,20,task-10-0,327,task-Sleep,3002,task-Diffuse,670,5.978872534,null,,,
Fri Jan 01 11:38:54 CST 2010,DIRL,8,342,148,180,task-10-0,1332,task-Sleep,2310,task-Diffuse,357,0,12261.1,,,
Fri Jan 01 11:38:54 CST 2010,DIRL,9,604,919,203,task-Sleep,2310,task-Diffuse,1689,0,10206.2,,,,,
Fri Jan 01 11:38:54 CST 2010,DIRL,10,643,881,155,task-Sleep,2583,task-Diffuse,1416,0,18006.3,,,,,
Fri Jan 01 11:38:54 CST 2010,DIRL,11,503,544,65,task-Sleep,2699,task-Diffuse,1300,0.757529276,null,,,,,
Fri Jan 01 11:38:55 CST 2010,DIRL,12,248,175,169,task-10-0,1406,task-Sleep,2219,task-Diffuse,374,0,10606.5,,,
Fri Jan 01 11:38:55 CST 2010,DIRL,13,604,686,127,task-Sleep,2331,task-Diffuse,1668,0,11261.6,,,,,
Fri Jan 01 11:38:55 CST 2010,DIRL,14,738,336,70,task-Sleep,2656,task-Diffuse,1343,0,19356.7,,,,,
Fri Jan 01 11:38:55 CST 2010,DIRL,15,738,377,75,task-Sleep,2724,task-Diffuse,1275,0.506799371,null,,,,,
Fri Jan 01 11:38:55 CST 2010,DIRL,16,673,469,91,task-Sleep,2591,task-Diffuse,1408,0,18101.9,,,,,
Fri Jan 01 11:38:55 CST 2010,DIRL,17,643,586,106,task-Sleep,2556,task-Diffuse,1443,0,17617,,,,,
Fri Jan 01 11:38:55 CST 2010,DIRL,18,729,768,193,task-10-0,265,task-Sleep,2378,task-Diffuse,1356,0,13387.1,,,
Fri Jan 01 11:47:30 CST 2010,DIFFUSION,1,49,3525,67,0,6735.4,,,,,,,,,
Fri Jan 01 11:47:30 CST 2010,DIFFUSION,2,61,4811,68,0,6455.5,,,,,,,,,
Fri Jan 01 11:47:30 CST 2010,DIFFUSION,3,73,23792,18,0,5390.6,,,,,,,,,
Fri Jan 01 11:47:30 CST 2010,DIFFUSION,4,73,22895,17,0,5350.7,,,,,,,,,
Fri Jan 01 11:47:30 CST 2010,DIFFUSION,5,40,14397,3,0,5925.8,,,,,,,,,
Fri Jan 01 11:47:30 CST 2010,DIFFUSION,6,41,9199,4,0,6580.9,,,,,,,,,
Fri Jan 01 11:47:30 CST 2010,DIFFUSION,7,21,19006,2,0,6741,,,,,,,,,
Fri Jan 01 11:47:30 CST 2010,DIFFUSION,8,48,14652,4,0,5656.1,,,,,,,,,
Fri Jan 01 11:47:30 CST 2010,DIFFUSION,9,73,23797,18,0,5391.2,,,,,,,,,
Fri Jan 01 11:47:30 CST 2010,DIFFUSION,10,61,4638,68,0,6461.3,,,,,,,,,
Fri Jan 01 11:47:30 CST 2010,DIFFUSION,11,49,3582,68,0,6736.4,,,,,,,,,
Fri Jan 01 11:47:30 CST 2010,DIFFUSION,12,40,14898,4,0,5946.5,,,,,,,,,
Fri Jan 01 11:47:30 CST 2010,DIFFUSION,13,73,23602,18,0,5386.6,,,,,,,,,
Fri Jan 01 11:47:31 CST 2010,DIFFUSION,14,71,6001,70,0,6246.7,,,,,,,,,
Fri Jan 01 11:47:31 CST 2010,DIFFUSION,15,71,5866,70,0,6236.8,,,,,,,,,
Fri Jan 01 11:47:31 CST 2010,DIFFUSION,16,64,11122,15,0,6036.9,,,,,,,,,
Fri Jan 01 11:47:31 CST 2010,DIFFUSION,17,61,4923,66,0,6467,,,,,,,,,
Fri Jan 01 11:47:31 CST 2010,DIFFUSION,18,73,22968,16,0,5347.1,,,,,,,,,
Fri Jan 01 12:00:16 CST 2010,DIRL,1,571,571,95,task-Sleep,2718,task-Diffuse,1281,1.000431481,null,,,,,
Fri Jan 01 12:00:16 CST 2010,DIRL,2,733,614,103,task-Sleep,2631,task-Diffuse,1368,0,18975.5,,,,,
Fri Jan 01 12:00:16 CST 2010,DIRL,3,729,777,210,task-Sleep,2391,task-Diffuse,1608,0,12080.6,,,,,
Fri Jan 01 12:00:16 CST 2010,DIRL,4,805,576,163,task-Sleep,2500,task-Diffuse,1499,0,14375.7,,,,,
Fri Jan 01 12:00:17 CST 2010,DIRL,5,296,160,89,task-10-0,1213,task-Sleep,2319,task-Diffuse,467,0,12985.8,,,
Fri Jan 01 12:00:17 CST 2010,DIRL,6,384,172,34,task-Sleep,2887,task-Diffuse,1112,3.717101961,null,,,,,
Fri Jan 01 12:00:17 CST 2010,DIRL,7,37,113,13,task-10-0,328,task-Sleep,3061,task-Diffuse,610,6.822462017,null,,,
Fri Jan 01 12:00:17 CST 2010,DIRL,8,325,201,120,task-10-0,1191,task-Sleep,2259,task-Diffuse,549,0,11381.1,,,
Fri Jan 01 12:00:17 CST 2010,DIRL,9,729,868,190,task-Sleep,2385,task-Diffuse,1614,0,12211.2,,,,,
Fri Jan 01 12:00:17 CST 2010,DIRL,10,733,354,91,task-Sleep,2665,task-Diffuse,1334,0,19901.3,,,,,
Fri Jan 01 12:00:17 CST 2010,DIRL,11,571,758,94,task-Sleep,2581,task-Diffuse,1418,0,18191.4,,,,,
Fri Jan 01 12:00:17 CST 2010,DIRL,12,248,155,208,task-10-0,1486,task-Sleep,2189,task-Diffuse,324,0,10291.5,,,
Fri Jan 01 12:00:17 CST 2010,DIRL,13,805,717,180,task-Sleep,2469,task-Diffuse,1530,0,14071.6,,,,,
Fri Jan 01 12:00:17 CST 2010,DIRL,14,828,451,101,task-Sleep,2640,task-Diffuse,1359,0,18776.7,,,,,
Fri Jan 01 12:00:18 CST 2010,DIRL,15,809,677,120,task-Sleep,2579,task-Diffuse,1420,0,17071.8,,,,,
Fri Jan 01 12:00:18 CST 2010,DIRL,16,719,807,156,task-Sleep,2488,task-Diffuse,1511,0,15261.9,,,,,
Fri Jan 01 12:00:18 CST 2010,DIRL,17,734,567,76,task-Sleep,2788,task-Diffuse,1211,1.726031161,null,,,,,
Fri Jan 01 12:00:18 CST 2010,DIRL,18,887,525,126,task-10-0,273,task-Sleep,2436,task-Diffuse,1290,0,14377.1,,,
Fri Jan 01 12:00:26 CST 2010,DIRL,1,509,356,47,task-Sleep,2671,task-Diffuse,1328,0.342775652,null,,,,,
Fri Jan 01 12:00:27 CST 2010,DIRL,2,659,742,140,task-Sleep,2584,task-Diffuse,1415,0,18005.5,,,,,
Fri Jan 01 12:00:27 CST 2010,DIRL,3,684,791,199,task-Sleep,2389,task-Diffuse,1610,0,12035.6,,,,,
Fri Jan 01 12:00:27 CST 2010,DIRL,4,684,880,248,task-Sleep,2401,task-Diffuse,1598,0,12420.7,,,,,
Fri Jan 01 12:00:27 CST 2010,DIRL,5,267,151,124,task-10-0,1060,task-Sleep,2403,task-Diffuse,536,0,14425.8,,,
Fri Jan 01 12:00:27 CST 2010,DIRL,6,336,466,108,task-Sleep,2615,task-Diffuse,1384,0,19510.9,,,,,
Fri Jan 01 12:00:27 CST 2010,DIRL,7,34,112,70,task-10-0,1002,task-Sleep,2507,task-Diffuse,490,0,18261,,,
Fri Jan 01 12:00:27 CST 2010,DIRL,8,324,293,188,task-10-0,1044,task-Sleep,2221,task-Diffuse,734,0,10371.1,,,
Fri Jan 01 12:00:27 CST 2010,DIRL,9,608,723,174,task-Sleep,2355,task-Diffuse,1644,0,11421.2,,,,,
Fri Jan 01 12:00:27 CST 2010,DIRL,10,659,391,62,task-Sleep,2626,task-Diffuse,1373,0,18911.3,,,,,
Fri Jan 01 12:00:27 CST 2010,DIRL,11,509,624,93,task-Sleep,2595,task-Diffuse,1404,0,18816.4,,,,,
Fri Jan 01 12:00:27 CST 2010,DIRL,12,267,339,95,task-10-0,585,task-Sleep,2429,task-Diffuse,985,0,15036.5,,,
Fri Jan 01 12:00:27 CST 2010,DIRL,13,608,721,149,task-Sleep,2396,task-Diffuse,1603,0,12001.6,,,,,
Fri Jan 01 12:00:27 CST 2010,DIRL,14,750,453,103,task-Sleep,2620,task-Diffuse,1379,0,18346.7,,,,,
Fri Jan 01 12:00:27 CST 2010,DIRL,15,737,620,104,task-Sleep,2599,task-Diffuse,1400,0,17911.8,,,,,
Fri Jan 01 12:00:28 CST 2010,DIRL,16,669,280,60,task-Sleep,2536,task-Diffuse,1463,0,16746.9,,,,,
Fri Jan 01 12:00:28 CST 2010,DIRL,17,625,637,117,task-Sleep,2434,task-Diffuse,1565,0,14077,,,,,
Fri Jan 01 12:00:28 CST 2010,DIRL,18,754,515,195,task-10-0,406,task-Sleep,2420,task-Diffuse,1173,0,13237.1,,,
Fri Jan 01 12:09:14 CST 2010,DIFFUSION,1,49,3525,67,0,6735.4,,,,,,,,,
Fri Jan 01 12:09:14 CST 2010,DIFFUSION,2,61,4811,68,0,6455.5,,,,,,,,,
Fri Jan 01 12:09:14 CST 2010,DIFFUSION,3,73,23792,18,0,5390.6,,,,,,,,,
Fri Jan 01 12:09:14 CST 2010,DIFFUSION,4,73,22895,17,0,5350.7,,,,,,,,,
Fri Jan 01 12:09:14 CST 2010,DIFFUSION,5,40,14397,3,0,5925.8,,,,,,,,,
Fri Jan 01 12:09:14 CST 2010,DIFFUSION,6,41,9199,4,0,6580.9,,,,,,,,,
Fri Jan 01 12:09:14 CST 2010,DIFFUSION,7,21,19006,2,0,6741,,,,,,,,,
Fri Jan 01 12:09:14 CST 2010,DIFFUSION,8,48,14652,4,0,5656.1,,,,,,,,,
Fri Jan 01 12:09:14 CST 2010,DIFFUSION,9,73,23797,18,0,5391.2,,,,,,,,,
Fri Jan 01 12:09:14 CST 2010,DIFFUSION,10,61,4638,68,0,6461.3,,,,,,,,,
Fri Jan 01 12:09:14 CST 2010,DIFFUSION,11,49,3582,68,0,6736.4,,,,,,,,,
Fri Jan 01 12:09:14 CST 2010,DIFFUSION,12,40,14898,4,0,5946.5,,,,,,,,,
Fri Jan 01 12:09:14 CST 2010,DIFFUSION,13,73,23602,18,0,5386.6,,,,,,,,,
Fri Jan 01 12:09:14 CST 2010,DIFFUSION,14,71,6001,70,0,6246.7,,,,,,,,,
Fri Jan 01 12:09:14 CST 2010,DIFFUSION,15,71,5866,70,0,6236.8,,,,,,,,,
Fri Jan 01 12:09:14 CST 2010,DIFFUSION,16,64,11122,15,0,6036.9,,,,,,,,,
Fri Jan 01 12:09:14 CST 2010,DIFFUSION,17,61,4923,66,0,6467,,,,,,,,,
Fri Jan 01 12:09:14 CST 2010,DIFFUSION,18,73,22968,16,0,5347.1,,,,,,,,,
Fri Jan 01 12:28:37 CST 2010,DIRL,1,713,549,79,task-Sleep,2255,task-Diffuse,1344,0.252478666,null,,,,,
Fri Jan 01 12:28:37 CST 2010,DIRL,2,1158,570,109,task-Sleep,2209,task-Diffuse,1390,0,16100.5,,,,,
Fri Jan 01 12:28:37 CST 2010,DIRL,3,1057,847,200,task-Sleep,2078,task-Diffuse,1521,0,12140.6,,,,,
Fri Jan 01 12:28:37 CST 2010,DIRL,4,1057,600,144,task-Sleep,2077,task-Diffuse,1522,0,12300.7,,,,,
Fri Jan 01 12:28:37 CST 2010,DIRL,5,344,303,54,task-10-0,813,task-Sleep,2016,task-Diffuse,770,0,13495.8,,,
Fri Jan 01 12:28:37 CST 2010,DIRL,6,514,341,44,task-Sleep,2344,task-Diffuse,1255,1.755351263,null,,,,,
Fri Jan 01 12:28:37 CST 2010,DIRL,7,45,259,81,task-10-0,860,task-Sleep,2191,task-Diffuse,548,0.121288611,null,,,
Fri Jan 01 12:28:38 CST 2010,DIRL,8,527,328,128,task-10-0,839,task-Sleep,2008,task-Diffuse,752,0,12351.1,,,
Fri Jan 01 12:28:38 CST 2010,DIRL,9,1057,795,234,task-Sleep,2072,task-Diffuse,1527,0,12256.2,,,,,
Fri Jan 01 12:28:38 CST 2010,DIRL,10,1158,482,114,task-Sleep,2268,task-Diffuse,1331,0,17421.3,,,,,
Fri Jan 01 12:28:38 CST 2010,DIRL,11,713,679,144,task-Sleep,2180,task-Diffuse,1419,0,16576.4,,,,,
Fri Jan 01 12:28:38 CST 2010,DIRL,12,344,192,91,task-10-0,960,task-Sleep,1996,task-Diffuse,643,0,13096.5,,,
Fri Jan 01 12:28:38 CST 2010,DIRL,13,1057,832,258,task-Sleep,2083,task-Diffuse,1516,0,12291.6,,,,,
Fri Jan 01 12:28:38 CST 2010,DIRL,14,1242,486,110,task-Sleep,2265,task-Diffuse,1334,0,16911.7,,,,,
Fri Jan 01 12:28:39 CST 2010,DIRL,15,1183,695,208,task-Sleep,2175,task-Diffuse,1424,0,14826.8,,,,,
Fri Jan 01 12:28:39 CST 2010,DIRL,16,1079,487,117,task-Sleep,2400,task-Diffuse,1199,1.806760293,null,,,,,
Fri Jan 01 12:28:39 CST 2010,DIRL,17,1158,490,135,task-Sleep,2309,task-Diffuse,1290,0.251374939,null,,,,,
Fri Jan 01 12:28:39 CST 2010,DIRL,18,953,547,192,task-10-0,415,task-Sleep,2014,task-Diffuse,1170,0,11677.1,,,
Fri Jan 01 12:28:39 CST 2010,DIRL,19,795,459,86,task-Sleep,2416,task-Diffuse,1183,2.50166778,null,,,,,
Fri Jan 01 12:28:39 CST 2010,DIRL,20,704,339,73,task-Sleep,2465,task-Diffuse,1134,3.535196181,null,,,,,
Fri Jan 01 12:28:40 CST 2010,DIRL,21,1034,639,151,task-Sleep,2068,task-Diffuse,1531,0,12712.4,,,,,
Fri Jan 01 12:28:40 CST 2010,DIRL,22,232,498,239,task-10-0,1202,task-Sleep,1801,task-Diffuse,596,0,8967.5,,,
Fri Jan 01 12:28:40 CST 2010,DIRL,23,1079,515,112,task-Sleep,2252,task-Diffuse,1347,0,17437.6,,,,,
Fri Jan 01 12:30:40 CST 2010,DIRL,1,657,617,101,task-Sleep,2185,task-Diffuse,1414,0,16685.4,,,,,
Fri Jan 01 12:30:41 CST 2010,DIRL,2,1032,593,146,task-Sleep,2204,task-Diffuse,1395,0,15905.5,,,,,
Fri Jan 01 12:30:41 CST 2010,DIRL,3,974,812,241,task-Sleep,2051,task-Diffuse,1548,0,12070.6,,,,,
Fri Jan 01 12:30:41 CST 2010,DIRL,4,874,1049,297,task-Sleep,2014,task-Diffuse,1585,0,10640.7,,,,,
Fri Jan 01 12:30:42 CST 2010,DIRL,5,300,185,53,task-10-0,718,task-Sleep,2347,task-Diffuse,534,1.871509223,null,,,
Fri Jan 01 12:30:42 CST 2010,DIRL,6,450,349,62,task-Sleep,2456,task-Diffuse,1143,3.452884462,null,,,,,
Fri Jan 01 12:30:42 CST 2010,DIRL,7,40,216,24,task-10-0,287,task-Sleep,2678,task-Diffuse,634,7.255566309,null,,,
Fri Jan 01 12:30:42 CST 2010,DIRL,8,442,217,105,task-10-0,1084,task-Sleep,1966,task-Diffuse,549,0,11801.1,,,
Fri Jan 01 12:30:42 CST 2010,DIRL,9,874,820,228,task-Sleep,1983,task-Diffuse,1616,0,10486.2,,,,,
Fri Jan 01 12:30:43 CST 2010,DIRL,10,1075,388,74,task-Sleep,2368,task-Diffuse,1231,1.207316734,null,,,,,
Fri Jan 01 12:30:43 CST 2010,DIRL,11,657,637,175,task-Sleep,2225,task-Diffuse,1374,0,17756.4,,,,,
Fri Jan 01 12:30:43 CST 2010,DIRL,12,300,244,81,task-10-0,1067,task-Sleep,2002,task-Diffuse,530,0,12946.5,,,
Fri Jan 01 12:30:43 CST 2010,DIRL,13,874,729,211,task-Sleep,2002,task-Diffuse,1597,0,10811.6,,,,,
Fri Jan 01 12:30:44 CST 2010,DIRL,14,1164,377,107,task-Sleep,2295,task-Diffuse,1304,0,17706.7,,,,,
Fri Jan 01 12:30:44 CST 2010,DIRL,15,1115,446,116,task-Sleep,2204,task-Diffuse,1395,0,15496.8,,,,,
Fri Jan 01 12:30:44 CST 2010,DIRL,16,991,520,89,task-Sleep,2224,task-Diffuse,1375,0,16706.9,,,,,
Fri Jan 01 12:30:45 CST 2010,DIRL,17,1076,389,89,task-Sleep,2312,task-Diffuse,1287,0.351547639,null,,,,,
Fri Jan 01 12:30:45 CST 2010,DIRL,18,1175,340,97,task-10-0,258,task-Sleep,2305,task-Diffuse,1036,0,17782.1,,,
Fri Jan 01 12:30:45 CST 2010,DIRL,19,785,255,56,task-Sleep,2544,task-Diffuse,1055,4.407502695,null,,,,,
Fri Jan 01 12:30:45 CST 2010,DIRL,20,692,282,51,task-Sleep,2558,task-Diffuse,1041,4.93563635,null,,,,,
Fri Jan 01 12:30:46 CST 2010,DIRL,21,1075,516,122,task-Sleep,2351,task-Diffuse,1248,0.915668347,null,,,,,
Fri Jan 01 12:30:46 CST 2010,DIRL,22,233,144,236,task-10-0,1494,task-Sleep,1826,task-Diffuse,279,0,9327.5,,,
Fri Jan 01 12:30:46 CST 2010,DIRL,23,901,732,135,task-Sleep,2106,task-Diffuse,1493,0,14007.6,,,,,
Fri Jan 01 12:49:39 CST 2010,DIFFUSION,1,47,1812,37,0,6690.4,,,,,,,,,
Fri Jan 01 12:49:39 CST 2010,DIFFUSION,2,71,3371,43,0,6105.5,,,,,,,,,
Fri Jan 01 12:49:39 CST 2010,DIFFUSION,3,66,23413,13,0,4985.6,,,,,,,,,
Fri Jan 01 12:49:39 CST 2010,DIFFUSION,4,66,23532,13,0,4985.7,,,,,,,,,
Fri Jan 01 12:49:40 CST 2010,DIFFUSION,5,40,17695,8,0,5530.8,,,,,,,,,
Fri Jan 01 12:49:40 CST 2010,DIFFUSION,6,39,6676,7,0,6510.9,,,,,,,,,
Fri Jan 01 12:49:40 CST 2010,DIFFUSION,7,24,22664,10,0,6276,,,,,,,,,
Fri Jan 01 12:49:40 CST 2010,DIFFUSION,8,52,17360,2,0,5216.1,,,,,,,,,
Fri Jan 01 12:49:40 CST 2010,DIFFUSION,9,66,23580,13,0,4986.2,,,,,,,,,
Fri Jan 01 12:49:40 CST 2010,DIFFUSION,10,71,2941,44,0,6106.3,,,,,,,,,
Fri Jan 01 12:49:40 CST 2010,DIFFUSION,11,47,1796,37,0,6691.4,,,,,,,,,
Fri Jan 01 12:49:40 CST 2010,DIFFUSION,12,40,17407,6,0,5521.5,,,,,,,,,
Fri Jan 01 12:49:40 CST 2010,DIFFUSION,13,66,23485,13,0,4981.6,,,,,,,,,
Fri Jan 01 12:49:40 CST 2010,DIFFUSION,14,74,3961,43,0,5926.7,,,,,,,,,
Fri Jan 01 12:49:40 CST 2010,DIFFUSION,15,74,3948,44,0,5921.8,,,,,,,,,
Fri Jan 01 12:49:40 CST 2010,DIFFUSION,16,61,5286,18,0,5906.9,,,,,,,,,
Fri Jan 01 12:49:41 CST 2010,DIFFUSION,17,71,3251,45,0,6107,,,,,,,,,
Fri Jan 01 12:49:41 CST 2010,DIFFUSION,18,66,23579,13,0,4987.1,,,,,,,,,
Fri Jan 01 12:49:41 CST 2010,DIFFUSION,19,60,3041,71,0,6707.2,,,,,,,,,
Fri Jan 01 12:49:41 CST 2010,DIFFUSION,20,48,2292,69,0,6912.3,,,,,,,,,
Fri Jan 01 12:49:41 CST 2010,DIFFUSION,21,71,3370,44,0,6107.4,,,,,,,,,
Fri Jan 01 12:49:41 CST 2010,DIFFUSION,22,40,17691,8,0,5532.5,,,,,,,,,
Fri Jan 01 12:49:41 CST 2010,DIFFUSION,23,61,8295,15,0,5872.6,,,,,,,,,
Fri Jan 01 12:50:56 CST 2010,DIFFUSION,1,50,2681,80,0,6625.4,,,,,,,,,
Fri Jan 01 12:50:56 CST 2010,DIFFUSION,2,81,3999,82,0,6085.5,,,,,,,,,
Fri Jan 01 12:50:56 CST 2010,DIFFUSION,3,74,24096,35,0,4645.6,,,,,,,,,
Fri Jan 01 12:50:56 CST 2010,DIFFUSION,4,74,24301,36,0,4645.7,,,,,,,,,
Fri Jan 01 12:50:56 CST 2010,DIFFUSION,5,52,18550,12,0,5155.8,,,,,,,,,
Fri Jan 01 12:50:57 CST 2010,DIFFUSION,6,46,7619,12,0,6290.9,,,,,,,,,
Fri Jan 01 12:50:57 CST 2010,DIFFUSION,7,33,21287,8,0,6081,,,,,,,,,
Fri Jan 01 12:50:57 CST 2010,DIFFUSION,8,55,18646,15,0,4861.1,,,,,,,,,
Fri Jan 01 12:50:57 CST 2010,DIFFUSION,9,74,24744,38,0,4661.2,,,,,,,,,
Fri Jan 01 12:50:57 CST 2010,DIFFUSION,10,81,3616,85,0,6061.3,,,,,,,,,
Fri Jan 01 12:50:57 CST 2010,DIFFUSION,11,50,2798,70,0,6631.4,,,,,,,,,
Fri Jan 01 12:50:57 CST 2010,DIFFUSION,12,52,18420,14,0,5151.5,,,,,,,,,
Fri Jan 01 12:50:57 CST 2010,DIFFUSION,13,74,24913,39,0,4676.6,,,,,,,,,
Fri Jan 01 12:50:57 CST 2010,DIFFUSION,14,86,4926,95,0,5886.7,,,,,,,,,
Fri Jan 01 12:50:57 CST 2010,DIFFUSION,15,86,4523,94,0,5846.8,,,,,,,,,
Fri Jan 01 12:50:57 CST 2010,DIFFUSION,16,73,9225,29,0,5741.9,,,,,,,,,
Fri Jan 01 12:50:57 CST 2010,DIFFUSION,17,81,3863,76,0,6072,,,,,,,,,
Fri Jan 01 12:50:57 CST 2010,DIFFUSION,18,74,24980,39,0,4682.1,,,,,,,,,
Fri Jan 01 12:50:58 CST 2010,DIFFUSION,19,36,22656,10,0,5982.2,,,,,,,,,
Fri Jan 01 12:50:58 CST 2010,DIFFUSION,20,48,1802,95,0,7077.3,,,,,,,,,
Fri Jan 01 12:50:58 CST 2010,DIFFUSION,21,81,3725,86,0,6057.4,,,,,,,,,
Fri Jan 01 12:50:58 CST 2010,DIFFUSION,22,52,18688,13,0,5167.5,,,,,,,,,
Fri Jan 01 12:50:58 CST 2010,DIFFUSION,23,73,7963,30,0,5717.6,,,,,,,,,
Fri Jan 01 13:07:37 CST 2010,DIFFUSION,1,1479,12380,419300,0,4710.4,,,,,,,,,
Fri Jan 01 13:07:37 CST 2010,DIFFUSION,2,2112,14988,557696,0,4015.5,,,,,,,,,
Fri Jan 01 13:07:38 CST 2010,DIFFUSION,3,534,11060,778023,0,2465.6,,,,,,,,,
Fri Jan 01 13:07:38 CST 2010,DIFFUSION,4,539,10750,931635,0,2530.7,,,,,,,,,
Fri Jan 01 13:07:38 CST 2010,DIFFUSION,5,471,9032,1549293,0,2395.8,,,,,,,,,
Fri Jan 01 13:07:38 CST 2010,DIFFUSION,6,840,12493,1029649,0,4520.9,,,,,,,,,
Fri Jan 01 13:07:38 CST 2010,DIFFUSION,7,190,4658,1620171,0,4386,,,,,,,,,
Fri Jan 01 13:07:38 CST 2010,DIFFUSION,8,506,11064,1302784,0,2461.1,,,,,,,,,
Fri Jan 01 13:07:38 CST 2010,DIFFUSION,9,523,11128,775833,0,2466.2,,,,,,,,,
Fri Jan 01 13:07:38 CST 2010,DIFFUSION,10,2181,15161,559548,0,4021.3,,,,,,,,,
Fri Jan 01 13:07:38 CST 2010,DIFFUSION,11,1488,12136,419307,0,4711.4,,,,,,,,,
Fri Jan 01 13:07:38 CST 2010,DIFFUSION,12,460,9303,1551353,0,2401.5,,,,,,,,,
Fri Jan 01 13:07:38 CST 2010,DIFFUSION,13,538,10879,778019,0,2466.6,,,,,,,,,
Fri Jan 01 13:07:38 CST 2010,DIFFUSION,14,2229,21610,515114,0,3501.7,,,,,,,,,
Fri Jan 01 13:07:38 CST 2010,DIFFUSION,15,2260,21732,515109,0,3501.8,,,,,,,,,
Fri Jan 01 13:07:38 CST 2010,DIFFUSION,16,1708,18869,686865,0,3296.9,,,,,,,,,
Fri Jan 01 13:07:38 CST 2010,DIFFUSION,17,2122,14687,568302,0,4017,,,,,,,,,
Fri Jan 01 13:07:38 CST 2010,DIFFUSION,18,530,10354,971769,0,2522.1,,,,,,,,,
Fri Jan 01 13:59:02 CST 2010,DIFFUSION,1,16,1292,75,0,7920.4,,,,,,,,,
Fri Jan 01 13:59:02 CST 2010,DIFFUSION,2,16,1291,75,0,7915.5,,,,,,,,,
Fri Jan 01 13:59:02 CST 2010,DIFFUSION,3,24,10750,54,0,7780.6,,,,,,,,,
Fri Jan 01 13:59:02 CST 2010,DIFFUSION,4,16,2583,2,0,7755.7,,,,,,,,,
Fri Jan 01 13:59:02 CST 2010,DIFFUSION,5,8,8839,2,0,7880.8,,,,,,,,,
Fri Jan 01 13:59:02 CST 2010,DIFFUSION,1,16,1292,75,0,7920.4,,,,,,,,,
Fri Jan 01 13:59:02 CST 2010,DIFFUSION,2,16,1291,75,0,7915.5,,,,,,,,,
Fri Jan 01 13:59:02 CST 2010,DIFFUSION,3,24,10750,54,0,7780.6,,,,,,,,,
Fri Jan 01 13:59:02 CST 2010,DIFFUSION,4,16,2583,2,0,7755.7,,,,,,,,,
Fri Jan 01 13:59:02 CST 2010,DIFFUSION,5,8,8839,2,0,7880.8,,,,,,,,,
Fri Jan 01 13:59:06 CST 2010,DIRL,1,27,652,53,task-Sleep,891,task-Diffuse,1108,6.675722138,null,,,,,
Fri Jan 01 13:59:06 CST 2010,DIRL,2,27,825,59,task-Sleep,819,task-Diffuse,1180,5.612777902,null,,,,,
Fri Jan 01 13:59:06 CST 2010,DIRL,3,35,1564,117,task-Sleep,390,task-Diffuse,1609,0,8825.6,,,,,
Fri Jan 01 13:59:06 CST 2010,DIRL,4,18,81,67,task-Sleep,399,task-Sleep,399,task-Diffuse,60,0,9050.7,,,
Fri Jan 01 13:59:06 CST 2010,DIRL,5,1,25,1,task-Sleep,1558,task-Sleep,1558,task-Diffuse,271,16.5297339,null,,,
Fri Jan 01 13:59:09 CST 2010,DIRL,1,27,686,53,task-Sleep,925,task-Diffuse,1074,7.165098835,,,,,,
Fri Jan 01 13:59:09 CST 2010,DIRL,2,27,772,57,task-Sleep,910,task-Diffuse,1089,6.942617117,,,,,,
Fri Jan 01 13:59:09 CST 2010,DIRL,3,35,1604,108,task-Sleep,384,task-Diffuse,1615,0,,,,,,
Fri Jan 01 13:59:09 CST 2010,DIRL,4,18,66,60,,390,task-Diffuse,1547,task-10-0,,0,9010.7,,,
Fri Jan 01 13:59:09 CST 2010,DIRL,5,1,10,1,,1621,task-Diffuse,216,task-10-0,162,17.45254187,null,,,
,,,,,,,4230,10000,,,,,,0.577,,
Fri Jan 01 14:21:02 CST 2010,DIRL,1,83,861,79,task-Sleep,757,task-Diffuse,1242,4.557575245,null,,,,,
Fri Jan 01 14:21:02 CST 2010,DIRL,2,83,926,83,task-Sleep,720,task-Diffuse,1279,4.019936899,null,,,,,
Fri Jan 01 14:21:02 CST 2010,DIRL,3,114,1143,113,task-Sleep,538,task-Diffuse,1461,1.0623643,null,,,,,
Fri Jan 01 14:21:02 CST 2010,DIRL,4,114,1427,149,task-Sleep,475,task-Diffuse,1524,0.143728994,null,,,,,
Fri Jan 01 14:21:02 CST 2010,DIRL,5,76,256,53,task-10-0,648,task-Sleep,670,task-Diffuse,681,3.203077277,null,,,
Fri Jan 01 14:21:02 CST 2010,DIRL,6,76,470,43,task-Sleep,943,task-Diffuse,1056,7.220568306,null,,,,,
Fri Jan 01 14:21:03 CST 2010,DIRL,7,21,46,53,task-10-0,832,task-Sleep,1012,task-Diffuse,155,8.336103988,null,,,
Fri Jan 01 14:21:03 CST 2010,DIRL,8,95,265,105,task-10-0,1062,task-Sleep,490,task-Diffuse,447,0.483650771,null,,,
Fri Jan 01 14:21:06 CST 2010,DIRL,1,84,923,70,task-Sleep,698,task-Diffuse,1301,3.700721173,null,,,,,
Fri Jan 01 14:21:07 CST 2010,DIRL,2,84,885,82,task-Sleep,691,task-Diffuse,1308,3.59868281,null,,,,,
Fri Jan 01 14:21:07 CST 2010,DIRL,3,113,1281,169,task-Sleep,561,task-Diffuse,1438,1.395427832,null,,,,,
Fri Jan 01 14:21:07 CST 2010,DIRL,4,113,1269,149,task-Sleep,586,task-Diffuse,1413,1.765270183,null,,,,,
Fri Jan 01 14:21:07 CST 2010,DIRL,5,76,138,76,task-10-0,1392,task-Sleep,425,task-Diffuse,182,0,9400.8,,,
Fri Jan 01 14:21:07 CST 2010,DIRL,6,76,530,43,task-Sleep,990,task-Diffuse,1009,7.908443163,null,,,,,
Fri Jan 01 14:21:07 CST 2010,DIRL,7,21,163,11,task-10-0,142,task-Sleep,1412,task-Diffuse,445,14.20680484,null,,,
Fri Jan 01 14:21:07 CST 2010,DIRL,8,95,311,96,task-10-0,1254,task-Sleep,423,task-Diffuse,322,0,9271.1,,,
Fri Jan 01 14:21:19 CST 2010,DIFFUSION,1,21,1588,56,0,7775.4,,,,,,,,,
Fri Jan 01 14:21:19 CST 2010,DIFFUSION,2,21,1588,56,0,7775.5,,,,,,,,,
Fri Jan 01 14:21:19 CST 2010,DIFFUSION,3,42,18594,37,0,7270.6,,,,,,,,,
Fri Jan 01 14:21:19 CST 2010,DIFFUSION,4,42,17803,41,0,7245.7,,,,,,,,,
Fri Jan 01 14:21:19 CST 2010,DIFFUSION,5,28,9840,9,0,7235.8,,,,,,,,,
Fri Jan 01 14:21:19 CST 2010,DIFFUSION,6,28,9840,9,0,7510.9,,,,,,,,,
Fri Jan 01 14:21:19 CST 2010,DIFFUSION,7,21,15659,3,0,7491,,,,,,,,,
Fri Jan 01 14:21:19 CST 2010,DIFFUSION,8,35,9165,10,0,7141.1,,,,,,,,,
Fri Jan 01 14:27:00 CST 2010,DIFFUSION,1,16,17234,22424,0,6905.4,,,,,,,,,
Fri Jan 01 14:27:00 CST 2010,DIFFUSION,2,16,17234,22424,0,6975.5,,,,,,,,,
Fri Jan 01 14:27:00 CST 2010,DIFFUSION,3,30,53838,21814,0,5680.6,,,,,,,,,
Fri Jan 01 14:27:00 CST 2010,DIFFUSION,4,30,54140,44305,0,5710.7,,,,,,,,,
Fri Jan 01 14:27:00 CST 2010,DIFFUSION,5,19,42404,21996,0,6035.8,,,,,,,,,
Fri Jan 01 14:27:00 CST 2010,DIFFUSION,6,19,42440,21996,0,6120.9,,,,,,,,,
Fri Jan 01 14:27:00 CST 2010,DIFFUSION,7,15,31862,22394,0,6521,,,,,,,,,
Fri Jan 01 14:27:00 CST 2010,DIFFUSION,8,24,52909,44386,0,5756.1,,,,,,,,,
Fri Jan 01 14:52:13 CST 2010,DIRL,1,48,437,42,task-Sleep,2008,task-Diffuse,991,7.247955082,null,,,,,
Fri Jan 01 14:52:13 CST 2010,DIRL,2,225,279,29,task-Sleep,2128,task-Diffuse,871,8.610550488,null,,,,,
Fri Jan 01 14:52:14 CST 2010,DIRL,3,89,1583,164,task-Sleep,1271,task-Diffuse,1728,0,8615.6,,,,,
Fri Jan 01 14:52:14 CST 2010,DIRL,4,209,10,3,task-Sleep,2483,task-Diffuse,516,14.02179551,null,,,,,
Fri Jan 01 14:52:14 CST 2010,DIRL,5,23,73,25,task-10-0,786,task-Sleep,1885,task-Diffuse,328,5.470702126,null,,,
Fri Jan 01 14:52:14 CST 2010,DIRL,6,23,349,30,task-Sleep,2076,task-Diffuse,923,8.25900952,null,,,,,
Fri Jan 01 14:52:14 CST 2010,DIRL,7,7,184,15,task-10-0,231,task-Sleep,2239,task-Diffuse,529,10.63456169,null,,,
Fri Jan 01 14:52:14 CST 2010,DIRL,8,28,148,102,task-10-0,1592,task-Sleep,1220,task-Diffuse,187,0,8841.1,,,
Fri Jan 01 14:52:14 CST 2010,DIRL,9,209,15,2,task-Sleep,2466,task-Diffuse,533,13.76959151,null,,,,,
Fri Jan 01 14:52:14 CST 2010,DIRL,10,225,406,50,task-Sleep,2055,task-Diffuse,944,7.535360447,null,,,,,
Fri Jan 01 14:52:15 CST 2010,DIRL,11,48,286,26,task-Sleep,2142,task-Diffuse,857,9.223265932,null,,,,,
Fri Jan 01 14:52:15 CST 2010,DIRL,12,210,244,28,task-Sleep,2241,task-Diffuse,758,10.35645584,null,,,,,
Fri Jan 01 14:52:15 CST 2010,DIRL,13,209,1,0,task-Sleep,2517,task-Diffuse,482,14.52587336,null,,,,,
Fri Jan 01 14:52:23 CST 2010,DIRL,1,48,137,16,task-Sleep,2248,task-Diffuse,751,10.76853811,null,,,,,
Fri Jan 01 14:52:23 CST 2010,DIRL,2,227,568,49,task-Sleep,1963,task-Diffuse,1036,6.226396972,null,,,,,
Fri Jan 01 14:52:23 CST 2010,DIRL,3,91,1616,166,task-Sleep,1279,task-Diffuse,1720,0,8500.6,,,,,
Fri Jan 01 14:52:23 CST 2010,DIRL,4,209,1,0,task-Sleep,2511,task-Diffuse,488,14.45643922,null,,,,,
Fri Jan 01 14:52:23 CST 2010,DIRL,5,23,91,15,task-10-0,443,task-Sleep,2096,task-Diffuse,460,8.572717244,null,,,
Fri Jan 01 14:52:23 CST 2010,DIRL,6,23,69,7,task-Sleep,2348,task-Diffuse,651,12.25982367,null,,,,,
Fri Jan 01 14:52:24 CST 2010,DIRL,7,7,109,11,task-10-0,263,task-Sleep,2264,task-Diffuse,472,11.02440048,null,,,
Fri Jan 01 14:52:24 CST 2010,DIRL,8,28,94,101,task-10-0,1610,task-Sleep,1262,task-Diffuse,127,0,9266.1,,,
Fri Jan 01 14:52:24 CST 2010,DIRL,9,209,6,0,task-Sleep,2473,task-Diffuse,526,13.8940122,null,,,,,
Fri Jan 01 14:52:24 CST 2010,DIRL,10,227,226,26,task-Sleep,2258,task-Diffuse,741,10.53504709,null,,,,,
Fri Jan 01 14:52:24 CST 2010,DIRL,11,48,556,54,task-Sleep,1940,task-Diffuse,1059,6.26395254,null,,,,,
Fri Jan 01 14:52:24 CST 2010,DIRL,12,210,12,3,task-Sleep,2492,task-Diffuse,507,14.05070454,null,,,,,
Fri Jan 01 14:52:24 CST 2010,DIRL,13,209,2,1,task-Sleep,2527,task-Diffuse,472,14.68375943,null,,,,,
Fri Jan 01 14:52:55 CST 2010,DIFFUSION,1,16,1322,1,0,7850.4,,,,,,,,,
Fri Jan 01 14:52:55 CST 2010,DIFFUSION,2,56,4205,166,0,7450.5,,,,,,,,,
Fri Jan 01 14:52:55 CST 2010,DIFFUSION,3,53,18736,19,0,7210.6,,,,,,,,,
Fri Jan 01 14:52:55 CST 2010,DIFFUSION,4,48,3250,174,0,7565.7,,,,,,,,,
Fri Jan 01 14:52:56 CST 2010,DIFFUSION,5,24,9780,3,0,7345.8,,,,,,,,,
Fri Jan 01 14:52:56 CST 2010,DIFFUSION,6,24,9780,3,0,7585.9,,,,,,,,,
Fri Jan 01 14:52:56 CST 2010,DIFFUSION,7,24,17130,3,0,7516,,,,,,,,,
Fri Jan 01 14:52:56 CST 2010,DIFFUSION,8,32,9918,2,0,7261.1,,,,,,,,,
Fri Jan 01 14:52:56 CST 2010,DIFFUSION,9,48,3253,170,0,7566.2,,,,,,,,,
Fri Jan 01 14:52:56 CST 2010,DIFFUSION,10,56,3966,179,0,7441.3,,,,,,,,,
Fri Jan 01 14:52:56 CST 2010,DIFFUSION,11,16,1322,1,0,7851.4,,,,,,,,,
Fri Jan 01 14:52:56 CST 2010,DIFFUSION,12,48,2900,178,0,7556.5,,,,,,,,,
Fri Jan 01 14:52:56 CST 2010,DIFFUSION,13,46,3154,180,0,7566.6,,,,,,,,,
Fri Jan 01 14:52:59 CST 2010,DIFFUSION,1,16,1322,1,0,7850.4,,,,,,,,,
Fri Jan 01 14:52:59 CST 2010,DIFFUSION,2,56,4205,166,0,7450.5,,,,,,,,,
Fri Jan 01 14:52:59 CST 2010,DIFFUSION,3,53,18736,19,0,7210.6,,,,,,,,,
Fri Jan 01 14:52:59 CST 2010,DIFFUSION,4,48,3250,174,0,7565.7,,,,,,,,,
Fri Jan 01 14:52:59 CST 2010,DIFFUSION,5,24,9780,3,0,7345.8,,,,,,,,,
Fri Jan 01 14:52:59 CST 2010,DIFFUSION,6,24,9780,3,0,7585.9,,,,,,,,,
Fri Jan 01 14:52:59 CST 2010,DIFFUSION,7,24,17130,3,0,7516,,,,,,,,,
Fri Jan 01 14:52:59 CST 2010,DIFFUSION,8,32,9918,2,0,7261.1,,,,,,,,,
Fri Jan 01 14:52:59 CST 2010,DIFFUSION,9,48,3253,170,0,7566.2,,,,,,,,,
Fri Jan 01 14:52:59 CST 2010,DIFFUSION,10,56,3966,179,0,7441.3,,,,,,,,,
Fri Jan 01 14:52:59 CST 2010,DIFFUSION,11,16,1322,1,0,7851.4,,,,,,,,,
Fri Jan 01 14:52:59 CST 2010,DIFFUSION,12,48,2900,178,0,7556.5,,,,,,,,,
Fri Jan 01 14:52:59 CST 2010,DIFFUSION,13,46,3154,180,0,7566.6,,,,,,,,,
Fri Jan 01 15:05:56 CST 2010,DIRL,1,48,459,41,task-Sleep,1974,task-Diffuse,1025,6.746107998,null,,,,,
Fri Jan 01 15:05:56 CST 2010,DIRL,2,227,403,46,task-Sleep,2091,task-Diffuse,908,8.079345521,null,,,,,
Fri Jan 01 15:05:56 CST 2010,DIRL,3,91,1641,215,task-Sleep,1263,task-Diffuse,1736,0,8220.6,,,,,
Fri Jan 01 15:05:56 CST 2010,DIRL,4,209,4,0,task-Sleep,2485,task-Diffuse,514,14.05173526,null,,,,,
Fri Jan 01 15:05:56 CST 2010,DIRL,5,23,162,12,task-10-0,244,task-Sleep,2175,task-Diffuse,580,9.688001335,null,,,
Fri Jan 01 15:05:56 CST 2010,DIRL,6,23,915,76,task-Sleep,1661,task-Diffuse,1338,2.143366072,null,,,,,
Fri Jan 01 15:05:56 CST 2010,DIRL,7,7,84,83,task-10-0,1356,task-Sleep,1432,task-Diffuse,211,0,13276,,,
Fri Jan 01 15:05:56 CST 2010,DIRL,8,28,795,98,task-10-0,545,task-Sleep,1443,task-Diffuse,1011,0,13401.1,,,
Fri Jan 01 15:05:56 CST 2010,DIRL,9,209,13,1,task-Sleep,2450,task-Diffuse,549,13.5357125,null,,,,,
Fri Jan 01 15:05:56 CST 2010,DIRL,10,227,121,20,task-Sleep,2226,task-Diffuse,773,10.05132897,null,,,,,
Fri Jan 01 15:05:56 CST 2010,DIRL,11,48,593,56,task-Sleep,1855,task-Diffuse,1144,5.010322628,null,,,,,
Fri Jan 01 15:05:56 CST 2010,DIRL,12,210,34,3,task-Sleep,2431,task-Diffuse,568,13.14381927,null,,,,,
Fri Jan 01 15:05:56 CST 2010,DIRL,13,209,4,0,task-Sleep,2490,task-Diffuse,509,14.12481226,null,,,,,
Fri Jan 01 15:06:21 CST 2010,DIRL,1,42,473,43,task-Sleep,1991,task-Diffuse,1008,6.987752775,null,,,,,
Fri Jan 01 15:06:21 CST 2010,DIRL,2,221,660,95,task-Sleep,1923,task-Diffuse,1076,5.605958542,null,,,,,
Fri Jan 01 15:06:22 CST 2010,DIRL,3,68,1756,194,task-Sleep,1253,task-Diffuse,1746,0,7915.6,,,,,
Fri Jan 01 15:06:22 CST 2010,DIRL,4,207,11,0,task-Sleep,2471,task-Diffuse,528,13.86608634,null,,,,,
Fri Jan 01 15:06:22 CST 2010,DIRL,5,18,106,60,task-10-0,1354,task-Sleep,1437,task-Diffuse,208,0,13280.8,,,
Fri Jan 01 15:06:22 CST 2010,DIRL,6,18,266,18,task-Sleep,2201,task-Diffuse,798,10.08040564,null,,,,,
Fri Jan 01 15:06:22 CST 2010,DIRL,7,6,95,9,task-10-0,240,task-Sleep,2360,task-Diffuse,399,12.41169026,null,,,
Fri Jan 01 15:06:22 CST 2010,DIRL,8,22,88,42,task-10-0,843,task-Sleep,1800,task-Diffuse,356,4.103322969,null,,,
Fri Jan 01 15:06:22 CST 2010,DIRL,9,207,13,3,task-Sleep,2420,task-Diffuse,579,13.12193056,null,,,,,
Fri Jan 01 15:06:22 CST 2010,DIRL,10,221,50,11,task-Sleep,2291,task-Diffuse,708,11.02465528,null,,,,,
Fri Jan 01 15:06:22 CST 2010,DIRL,11,42,429,37,task-Sleep,2002,task-Diffuse,997,7.174466013,null,,,,,
Fri Jan 01 15:06:22 CST 2010,DIRL,12,208,32,6,task-Sleep,2417,task-Diffuse,582,12.93650302,null,,,,,
Fri Jan 01 15:06:22 CST 2010,DIRL,13,207,15,1,task-Sleep,2446,task-Diffuse,553,13.49795027,null,,,,,
Fri Jan 01 15:07:14 CST 2010,DIFFUSION,1,16,1322,1,0,7850.4,,,,,,,,,
Fri Jan 01 15:07:14 CST 2010,DIFFUSION,2,56,4205,166,0,7450.5,,,,,,,,,
Fri Jan 01 15:07:14 CST 2010,DIFFUSION,3,53,18736,19,0,7210.6,,,,,,,,,
Fri Jan 01 15:07:14 CST 2010,DIFFUSION,4,48,3250,174,0,7565.7,,,,,,,,,
Fri Jan 01 15:07:14 CST 2010,DIFFUSION,5,24,9780,3,0,7345.8,,,,,,,,,
Fri Jan 01 15:07:14 CST 2010,DIFFUSION,6,24,9780,3,0,7585.9,,,,,,,,,
Fri Jan 01 15:07:14 CST 2010,DIFFUSION,7,24,17130,3,0,7516,,,,,,,,,
Fri Jan 01 15:07:14 CST 2010,DIFFUSION,8,32,9918,2,0,7261.1,,,,,,,,,
Fri Jan 01 15:07:14 CST 2010,DIFFUSION,9,48,3253,170,0,7566.2,,,,,,,,,
Fri Jan 01 15:07:14 CST 2010,DIFFUSION,10,56,3966,179,0,7441.3,,,,,,,,,
Fri Jan 01 15:07:14 CST 2010,DIFFUSION,11,16,1322,1,0,7851.4,,,,,,,,,
Fri Jan 01 15:07:14 CST 2010,DIFFUSION,12,48,2900,178,0,7556.5,,,,,,,,,
Fri Jan 01 15:07:14 CST 2010,DIFFUSION,13,46,3154,180,0,7566.6,,,,,,,,,
Fri Jan 01 15:17:31 CST 2010,DIFFUSION,1,12,13147,5,0,7375.4,,,,,,,,,
Fri Jan 01 15:17:31 CST 2010,DIFFUSION,2,42,34166,232188,0,5420.5,,,,,,,,,
Fri Jan 01 15:17:31 CST 2010,DIFFUSION,3,36,60466,39,0,5720.6,,,,,,,,,
Fri Jan 01 15:17:31 CST 2010,DIFFUSION,4,36,28423,184569,0,5740.7,,,,,,,,,
Fri Jan 01 15:17:31 CST 2010,DIFFUSION,5,18,39266,12,0,6410.8,,,,,,,,,
Fri Jan 01 15:17:31 CST 2010,DIFFUSION,6,18,39337,12,0,6510.9,,,,,,,,,
Fri Jan 01 15:17:31 CST 2010,DIFFUSION,7,17,40052,7,0,6481,,,,,,,,,
Fri Jan 01 15:17:31 CST 2010,DIFFUSION,8,23,49721,15,0,6116.1,,,,,,,,,
Fri Jan 01 15:17:31 CST 2010,DIFFUSION,9,36,29732,192786,0,5751.2,,,,,,,,,
Fri Jan 01 15:17:31 CST 2010,DIFFUSION,10,42,36695,232182,0,5471.3,,,,,,,,,
Fri Jan 01 15:17:31 CST 2010,DIFFUSION,11,12,13147,5,0,7376.4,,,,,,,,,
Fri Jan 01 15:17:31 CST 2010,DIFFUSION,12,36,29735,188562,0,5746.5,,,,,,,,,
Fri Jan 01 15:17:31 CST 2010,DIFFUSION,13,34,29399,159198,0,5706.6,,,,,,,,,
Fri Jan 01 15:20:21 CST 2010,DIRL,1,65,200,22,task-Sleep,2286,task-Diffuse,713,11.31884601,null,,,,,
Fri Jan 01 15:20:21 CST 2010,DIRL,2,244,297,41,task-Sleep,2176,task-Diffuse,823,9.333527616,null,,,,,
Fri Jan 01 15:20:21 CST 2010,DIRL,3,148,941,89,task-Sleep,1728,task-Diffuse,1271,2.755561334,null,,,,,
Fri Jan 01 15:20:21 CST 2010,DIRL,4,215,2,0,task-Sleep,2528,task-Diffuse,471,14.71207207,null,,,,,
Fri Jan 01 15:20:21 CST 2010,DIRL,5,37,76,26,task-10-0,645,task-Sleep,2007,task-Diffuse,347,7.251355285,null,,,
Fri Jan 01 15:20:21 CST 2010,DIRL,6,37,49,8,task-Sleep,2428,task-Diffuse,571,13.40002815,null,,,,,
Fri Jan 01 15:20:21 CST 2010,DIRL,7,10,46,16,task-10-0,509,task-Sleep,2137,task-Diffuse,353,9.157818978,null,,,
Fri Jan 01 15:20:21 CST 2010,DIRL,8,45,204,41,task-10-0,555,task-Sleep,2011,task-Diffuse,433,7.194704658,null,,,
Fri Jan 01 15:20:21 CST 2010,DIRL,9,215,2,0,task-Sleep,2502,task-Diffuse,497,14.33023273,null,,,,,
Fri Jan 01 15:20:21 CST 2010,DIRL,10,244,154,17,task-Sleep,2326,task-Diffuse,673,11.53279055,null,,,,,
Fri Jan 01 15:20:21 CST 2010,DIRL,11,65,118,13,task-Sleep,2315,task-Diffuse,684,11.75647543,null,,,,,
Fri Jan 01 15:20:21 CST 2010,DIRL,12,216,16,2,task-Sleep,2497,task-Diffuse,502,14.14472365,null,,,,,
Fri Jan 01 15:20:21 CST 2010,DIRL,13,215,7,1,task-Sleep,2497,task-Diffuse,502,14.25628413,null,,,,,
Fri Jan 01 15:29:49 CST 2010,DIRL,1,123,492,53,task-Sleep,2031,task-Diffuse,968,7.45170803,null,,,,,
Fri Jan 01 15:29:49 CST 2010,DIRL,2,238,151,13,task-Sleep,2318,task-Diffuse,681,11.3858785,null,,,,,
Fri Jan 01 15:29:49 CST 2010,DIRL,3,216,486,56,task-Sleep,2044,task-Diffuse,955,7.223323489,null,,,,,
Fri Jan 01 15:29:49 CST 2010,DIRL,4,216,714,116,task-Sleep,1847,task-Diffuse,1152,4.347699669,null,,,,,
Fri Jan 01 15:29:50 CST 2010,DIRL,5,88,122,35,task-10-0,617,task-Sleep,1931,task-Diffuse,451,5.996860904,null,,,
Fri Jan 01 15:29:50 CST 2010,DIRL,6,88,195,29,task-Sleep,2168,task-Diffuse,831,9.467369983,null,,,,,
Fri Jan 01 15:29:50 CST 2010,DIRL,7,17,41,13,task-10-0,539,task-Sleep,2119,task-Diffuse,341,8.870708069,null,,,
Fri Jan 01 15:29:50 CST 2010,DIRL,8,103,86,58,task-10-0,776,task-Sleep,1877,task-Diffuse,346,5.114492614,null,,,
Fri Jan 01 15:29:50 CST 2010,DIRL,9,165,39,2,task-Sleep,2467,task-Diffuse,532,13.88830983,null,,,,,
Fri Jan 01 15:29:51 CST 2010,DIRL,10,238,227,29,task-Sleep,2250,task-Diffuse,749,10.37554474,null,,,,,
Fri Jan 01 15:29:51 CST 2010,DIRL,11,123,285,28,task-Sleep,2133,task-Diffuse,866,8.962988772,null,,,,,
Fri Jan 01 15:29:51 CST 2010,DIRL,12,166,53,8,task-Sleep,2448,task-Diffuse,551,13.49649101,null,,,,,
Fri Jan 01 15:29:51 CST 2010,DIRL,13,165,40,9,task-Sleep,2464,task-Diffuse,535,13.84684255,null,,,,,
Fri Jan 01 15:30:13 CST 2010,DIRL,1,94,749,86,task-Sleep,1732,task-Diffuse,1267,3.029214249,null,,,,,
Fri Jan 01 15:30:13 CST 2010,DIRL,2,209,436,65,task-Sleep,1927,task-Diffuse,1072,5.584025854,null,,,,,
Fri Jan 01 15:30:13 CST 2010,DIRL,3,157,1232,196,task-Sleep,1381,task-Diffuse,1618,0,10475.6,,,,,
Fri Jan 01 15:30:13 CST 2010,DIRL,4,157,1314,193,task-Sleep,1352,task-Diffuse,1647,0,10065.7,,,,,
Fri Jan 01 15:30:13 CST 2010,DIRL,5,64,142,80,task-10-0,1358,task-Sleep,1407,task-Diffuse,234,0,12325.8,,,
Fri Jan 01 15:30:13 CST 2010,DIRL,6,64,503,42,task-Sleep,1919,task-Diffuse,1080,5.818258568,null,,,,,
Fri Jan 01 15:30:13 CST 2010,DIRL,7,13,104,10,task-10-0,249,task-Sleep,2287,task-Diffuse,463,11.29485302,null,,,
Fri Jan 01 15:30:14 CST 2010,DIRL,8,75,98,91,task-10-0,1198,task-Sleep,1461,task-Diffuse,340,0,13361.1,,,
Fri Jan 01 15:30:14 CST 2010,DIRL,9,157,10,3,task-Sleep,2459,task-Diffuse,540,13.71867258,null,,,,,
Fri Jan 01 15:30:14 CST 2010,DIRL,10,209,376,55,task-Sleep,1926,task-Diffuse,1073,5.589725292,null,,,,,
Fri Jan 01 15:30:14 CST 2010,DIRL,11,94,667,69,task-Sleep,1806,task-Diffuse,1193,4.132130155,null,,,,,
Fri Jan 01 15:30:14 CST 2010,DIRL,12,158,58,8,task-Sleep,2309,task-Diffuse,690,11.40535731,null,,,,,
Fri Jan 01 15:30:14 CST 2010,DIRL,13,157,49,8,task-Sleep,2380,task-Diffuse,619,12.56599016,null,,,,,
Fri Jan 01 15:31:14 CST 2010,DIFFUSION,1,24,1890,8,0,7740.4,,,,,,,,,
Fri Jan 01 15:31:14 CST 2010,DIFFUSION,2,55,3287,148,0,7450.5,,,,,,,,,
Fri Jan 01 15:31:14 CST 2010,DIFFUSION,3,62,19146,26,0,7030.6,,,,,,,,,
Fri Jan 01 15:31:14 CST 2010,DIFFUSION,4,62,19099,28,0,7040.7,,,,,,,,,
Fri Jan 01 15:31:14 CST 2010,DIFFUSION,5,32,10104,10,0,7140.8,,,,,,,,,
Fri Jan 01 15:31:14 CST 2010,DIFFUSION,6,32,10104,10,0,7440.9,,,,,,,,,
Fri Jan 01 15:31:14 CST 2010,DIFFUSION,7,24,16641,3,0,7436,,,,,,,,,
Fri Jan 01 15:31:14 CST 2010,DIFFUSION,8,40,10235,9,0,7046.1,,,,,,,,,
Fri Jan 01 15:31:14 CST 2010,DIFFUSION,9,40,2036,144,0,7676.2,,,,,,,,,
Fri Jan 01 15:31:14 CST 2010,DIFFUSION,10,55,3326,148,0,7451.3,,,,,,,,,
Fri Jan 01 15:31:14 CST 2010,DIFFUSION,11,24,1890,8,0,7741.4,,,,,,,,,
Fri Jan 01 15:31:14 CST 2010,DIFFUSION,12,40,2096,152,0,7681.5,,,,,,,,,
Fri Jan 01 15:31:14 CST 2010,DIFFUSION,13,38,2200,153,0,7681.6,,,,,,,,,
Fri Jan 01 15:44:06 CST 2010,DIFFUSION,1,15,19855,7,0,6830.4,,,,,,,,,
Fri Jan 01 15:44:06 CST 2010,DIFFUSION,2,36,40119,43359,0,5455.5,,,,,,,,,
Fri Jan 01 15:44:06 CST 2010,DIFFUSION,3,35,62617,18481,0,4955.6,,,,,,,,,
Fri Jan 01 15:44:06 CST 2010,DIFFUSION,4,35,63775,18482,0,4975.7,,,,,,,,,
Fri Jan 01 15:44:06 CST 2010,DIFFUSION,5,20,44148,10,0,5840.8,,,,,,,,,
Fri Jan 01 15:44:06 CST 2010,DIFFUSION,6,20,44455,10,0,5990.9,,,,,,,,,
Fri Jan 01 15:44:06 CST 2010,DIFFUSION,7,15,35702,4,0,6391,,,,,,,,,
Fri Jan 01 15:44:06 CST 2010,DIFFUSION,8,25,53550,12,0,5551.1,,,,,,,,,
Fri Jan 01 15:44:07 CST 2010,DIFFUSION,9,33,26592,48400,0,6336.2,,,,,,,,,
Fri Jan 01 15:44:07 CST 2010,DIFFUSION,10,36,36730,64729,0,5386.3,,,,,,,,,
Fri Jan 01 15:44:07 CST 2010,DIFFUSION,11,15,19855,7,0,6831.4,,,,,,,,,
Fri Jan 01 15:44:07 CST 2010,DIFFUSION,12,33,24884,67922,0,6371.5,,,,,,,,,
Fri Jan 01 15:44:07 CST 2010,DIFFUSION,13,31,25934,51910,0,6346.6,,,,,,,,,
Fri Jan 01 15:47:11 CST 2010,DIRL,1,110,501,50,task-Sleep,2814,task-Diffuse,1185,3.057746719,null,,,,,
Fri Jan 01 15:47:11 CST 2010,DIRL,2,296,844,147,task-Sleep,2424,task-Diffuse,1575,0,14435.5,,,,,
Fri Jan 01 15:47:12 CST 2010,DIRL,3,93,230,84,task-10-0,1163,task-Sleep,2355,task-Diffuse,481,0,13295.6,,,
Fri Jan 01 15:47:12 CST 2010,DIRL,4,93,298,94,task-10-0,1054,task-Sleep,2358,task-Diffuse,587,0,13335.7,,,
Fri Jan 01 15:47:12 CST 2010,DIRL,5,5,84,7,task-Sleep,3331,task-Diffuse,668,10.65102877,null,,,,,
Fri Jan 01 15:47:12 CST 2010,DIRL,6,5,115,18,task-10-0,329,task-Sleep,3147,task-Diffuse,523,7.952083499,null,,,
Fri Jan 01 15:47:12 CST 2010,DIRL,7,3,115,8,task-10-0,326,task-Sleep,3195,task-Diffuse,478,8.871730837,null,,,
Fri Jan 01 15:47:12 CST 2010,DIRL,8,6,39,15,task-10-0,749,task-Sleep,2927,task-Diffuse,323,4.598085091,null,,,
Fri Jan 01 15:47:12 CST 2010,DIRL,9,93,232,84,task-10-0,1124,task-Sleep,2374,task-Diffuse,501,0,13836.2,,,
Fri Jan 01 15:47:13 CST 2010,DIRL,10,274,682,133,task-Sleep,2396,task-Diffuse,1603,0,13671.3,,,,,
Fri Jan 01 15:47:13 CST 2010,DIRL,11,319,286,32,task-Sleep,2786,task-Diffuse,1213,2.249731379,null,,,,,
Fri Jan 01 15:47:13 CST 2010,DIRL,12,319,355,49,task-Sleep,2672,task-Diffuse,1327,0.591469255,null,,,,,
Fri Jan 01 15:47:13 CST 2010,DIRL,13,283,793,95,task-Sleep,2466,task-Diffuse,1533,0,15521.6,,,,,
Fri Jan 01 15:47:13 CST 2010,DIRL,14,229,183,32,task-Sleep,2873,task-Diffuse,1126,3.883076355,null,,,,,
Fri Jan 01 15:47:14 CST 2010,DIRL,15,360,679,97,task-Sleep,2447,task-Diffuse,1552,0,14856.8,,,,,
Fri Jan 01 15:47:14 CST 2010,DIRL,16,312,393,67,task-Sleep,2786,task-Diffuse,1213,2.296569782,null,,,,,
Fri Jan 01 15:47:14 CST 2010,DIRL,17,329,1207,199,task-Sleep,2334,task-Diffuse,1665,0,12042,,,,,
Fri Jan 01 15:47:14 CST 2010,DIRL,18,212,230,273,task-10-0,1690,task-Sleep,2111,task-Diffuse,198,0,8412.1,,,
Fri Jan 01 15:47:27 CST 2010,DIRL,1,125,558,62,task-Sleep,2727,task-Diffuse,1272,1.753726178,null,,,,,
Fri Jan 01 15:47:27 CST 2010,DIRL,2,353,688,151,task-Sleep,2509,task-Diffuse,1490,0,16345.5,,,,,
Fri Jan 01 15:47:27 CST 2010,DIRL,3,113,315,83,task-10-0,632,task-Sleep,2489,task-Diffuse,878,0,16285.6,,,
Fri Jan 01 15:47:27 CST 2010,DIRL,4,106,237,95,task-10-0,878,task-Sleep,2388,task-Diffuse,733,0,14540.7,,,
Fri Jan 01 15:47:28 CST 2010,DIRL,5,5,990,102,task-Sleep,2590,task-Diffuse,1409,0,19530.8,,,,,
Fri Jan 01 15:47:28 CST 2010,DIRL,6,5,109,13,task-10-0,347,task-Sleep,3076,task-Diffuse,576,6.884105771,null,,,
Fri Jan 01 15:47:28 CST 2010,DIRL,7,3,52,60,task-10-0,1227,task-Sleep,2525,task-Diffuse,247,0,18536,,,
Fri Jan 01 15:47:28 CST 2010,DIRL,8,6,79,8,task-10-0,326,task-Sleep,3068,task-Diffuse,605,6.628027326,null,,,
Fri Jan 01 15:47:28 CST 2010,DIRL,9,93,1091,175,task-10-0,271,task-Sleep,2352,task-Diffuse,1376,0,13296.2,,,
Fri Jan 01 15:47:28 CST 2010,DIRL,10,320,865,155,task-Sleep,2469,task-Diffuse,1530,0,14866.3,,,,,
Fri Jan 01 15:47:28 CST 2010,DIRL,11,391,486,74,task-Sleep,2678,task-Diffuse,1321,0.563760726,null,,,,,
Fri Jan 01 15:47:28 CST 2010,DIRL,12,391,361,56,task-Sleep,2730,task-Diffuse,1269,1.312390749,null,,,,,
Fri Jan 01 15:47:28 CST 2010,DIRL,13,341,704,110,task-Sleep,2497,task-Diffuse,1502,0,16246.6,,,,,
Fri Jan 01 15:47:28 CST 2010,DIRL,14,285,415,61,task-Sleep,2797,task-Diffuse,1202,2.692938913,null,,,,,
Fri Jan 01 15:47:28 CST 2010,DIRL,15,454,433,80,task-Sleep,2625,task-Diffuse,1374,0,19091.8,,,,,
Fri Jan 01 15:47:29 CST 2010,DIRL,16,378,599,84,task-Sleep,2591,task-Diffuse,1408,0,19026.9,,,,,
Fri Jan 01 15:47:29 CST 2010,DIRL,17,453,510,82,task-Sleep,2610,task-Diffuse,1389,0,18522,,,,,
Fri Jan 01 15:47:29 CST 2010,DIRL,18,313,458,147,task-10-0,672,task-Sleep,2353,task-Diffuse,974,0,13262.1,,,
Fri Jan 01 15:54:50 CST 2010,DIFFUSION,1,31,18046,9,0,6695.4,,,,,,,,,
Fri Jan 01 15:54:50 CST 2010,DIFFUSION,2,57,26314,28,0,5945.5,,,,,,,,,
Fri Jan 01 15:54:50 CST 2010,DIFFUSION,3,51,25698,7,0,5635.6,,,,,,,,,
Fri Jan 01 15:54:50 CST 2010,DIFFUSION,4,51,24918,5,0,5610.7,,,,,,,,,
Fri Jan 01 15:54:50 CST 2010,DIFFUSION,5,29,24391,4,0,6535.8,,,,,,,,,
Fri Jan 01 15:54:50 CST 2010,DIFFUSION,6,29,21181,4,0,6545.9,,,,,,,,,
Fri Jan 01 15:54:50 CST 2010,DIFFUSION,7,18,5535,1,0,7486,,,,,,,,,
Fri Jan 01 15:54:50 CST 2010,DIFFUSION,8,35,18286,3,0,6256.1,,,,,,,,,
Fri Jan 01 15:54:51 CST 2010,DIFFUSION,9,51,25812,6,0,5636.2,,,,,,,,,
Fri Jan 01 15:54:51 CST 2010,DIFFUSION,10,57,26026,28,0,5946.3,,,,,,,,,
Fri Jan 01 15:54:51 CST 2010,DIFFUSION,11,49,9480,36,0,6861.4,,,,,,,,,
Fri Jan 01 15:54:51 CST 2010,DIFFUSION,12,49,9407,30,0,6851.5,,,,,,,,,
Fri Jan 01 15:54:51 CST 2010,DIFFUSION,13,51,8691,106,0,6891.6,,,,,,,,,
Fri Jan 01 15:54:51 CST 2010,DIFFUSION,14,37,2111,118,0,7506.7,,,,,,,,,
Fri Jan 01 15:54:51 CST 2010,DIFFUSION,15,64,9012,105,0,6736.8,,,,,,,,,
Fri Jan 01 15:54:51 CST 2010,DIFFUSION,16,50,2195,114,0,7341.9,,,,,,,,,
Fri Jan 01 15:54:51 CST 2010,DIFFUSION,17,64,8671,108,0,6717,,,,,,,,,
Fri Jan 01 15:54:51 CST 2010,DIFFUSION,18,57,20073,25,0,5642.1,,,,,,,,,
Fri Jan 01 16:03:17 CST 2010,DIRL,1,110,375,44,task-Sleep,1722,task-Diffuse,1077,6.104783562,null,,,,,
Fri Jan 01 16:03:17 CST 2010,DIRL,2,110,1920,157,task-Sleep,532,task-Diffuse,2267,13.64817453,null,,,,,
Fri Jan 01 16:03:17 CST 2010,DIRL,3,138,782,115,task-Sleep,1205,task-Diffuse,1594,0,11505.6,,,,,
Fri Jan 01 16:03:17 CST 2010,DIRL,4,148,2435,260,task-Sleep,438,task-Diffuse,2361,11.8931622,null,,,,,
Fri Jan 01 16:03:18 CST 2010,DIRL,5,98,315,139,task-10-0,2182,task-Sleep,329,task-Diffuse,288,10.59397769,null,,,
Fri Jan 01 16:03:18 CST 2010,DIRL,6,98,740,67,task-Sleep,1362,task-Diffuse,1437,0.75460497,null,,,,,
Fri Jan 01 16:03:18 CST 2010,DIRL,7,27,453,73,task-10-0,859,task-Sleep,1250,task-Diffuse,690,0,13181,,,
Fri Jan 01 16:03:18 CST 2010,DIRL,8,105,344,64,task-10-0,742,task-Sleep,1137,task-Diffuse,920,0,10341.1,,,
Fri Jan 01 16:03:50 CST 2010,DIRL,1,110,562,53,task-Sleep,1501,task-Diffuse,1298,2.848267664,null,,,,,
Fri Jan 01 16:03:50 CST 2010,DIRL,2,110,2599,193,task-Sleep,146,task-Diffuse,2653,7.962802151,null,,,,,
Fri Jan 01 16:03:50 CST 2010,DIRL,3,136,895,134,task-Sleep,1214,task-Diffuse,1585,0,11460.6,,,,,
Fri Jan 01 16:03:50 CST 2010,DIRL,4,146,3095,318,task-Sleep,47,task-Diffuse,2752,6.130634546,null,,,,,
Fri Jan 01 16:03:50 CST 2010,DIRL,5,98,206,152,task-10-0,2759,task-Sleep,16,task-Diffuse,24,5.998190623,null,,,
Fri Jan 01 16:03:51 CST 2010,DIRL,6,98,430,39,task-Sleep,1593,task-Diffuse,1206,4.151628165,null,,,,,
Fri Jan 01 16:03:51 CST 2010,DIRL,7,27,106,8,task-10-0,226,task-Sleep,2074,task-Diffuse,499,11.3172291,null,,,
Fri Jan 01 16:03:51 CST 2010,DIRL,8,105,169,70,task-10-0,1125,task-Sleep,1135,task-Diffuse,539,0,10246.1,,,
Fri Jan 01 16:04:21 CST 2010,DIFFUSION,1,21,1598,56,0,7765.4,,,,,,,,,
Fri Jan 01 16:04:21 CST 2010,DIFFUSION,2,29,1714,56,5.19407008,null,,,,,,,,,
Fri Jan 01 16:04:21 CST 2010,DIFFUSION,3,42,18633,37,0,7265.6,,,,,,,,,
Fri Jan 01 16:04:21 CST 2010,DIFFUSION,4,50,24806,41,3.386670855,null,,,,,,,,,
Fri Jan 01 16:04:21 CST 2010,DIFFUSION,5,32,9971,9,3.416031217,null,,,,,,,,,
Fri Jan 01 16:04:21 CST 2010,DIFFUSION,6,28,9850,9,0,7505.9,,,,,,,,,
Fri Jan 01 16:04:21 CST 2010,DIFFUSION,7,21,15913,3,0,7481,,,,,,,,,
Fri Jan 01 16:04:21 CST 2010,DIFFUSION,8,35,9165,10,0,7141.1,,,,,,,,,
Fri Jan 01 16:10:00 CST 2010,DIFFUSION,1,17,18414,22424,0,6820.4,,,,,,,,,
Fri Jan 01 16:10:00 CST 2010,DIFFUSION,2,29,22132,22424,1.882923221,null,,,,,,,,,
Fri Jan 01 16:10:00 CST 2010,DIFFUSION,3,30,53838,21814,0,5680.6,,,,,,,,,
Fri Jan 01 16:10:00 CST 2010,DIFFUSION,4,46,72550,44305,0,13205.7,,,,,,,,,
Fri Jan 01 16:10:00 CST 2010,DIFFUSION,5,27,47799,21996,0,13675.8,,,,,,,,,
Fri Jan 01 16:10:00 CST 2010,DIFFUSION,6,21,42980,21996,0,6090.9,,,,,,,,,
Fri Jan 01 16:10:00 CST 2010,DIFFUSION,7,17,33396,22394,0,6476,,,,,,,,,
Fri Jan 01 16:10:00 CST 2010,DIFFUSION,8,24,52996,44386,0,5751.1,,,,,,,,,
Fri Jan 01 16:34:11 CST 2010,DIRL,1,115,422,51,task-Sleep,1640,task-Diffuse,1159,4.928960944,null,,,,,
Fri Jan 01 16:34:11 CST 2010,DIRL,2,115,1650,154,task-Sleep,768,task-Diffuse,2031,17.13432021,null,,,,,
Fri Jan 01 16:34:11 CST 2010,DIRL,3,149,769,104,task-Sleep,1249,task-Diffuse,1550,0,12275.6,,,,,
Fri Jan 01 16:34:11 CST 2010,DIRL,4,154,2053,233,task-Sleep,719,task-Diffuse,2080,16.08081609,null,,,,,
Fri Jan 01 16:34:11 CST 2010,DIRL,5,84,331,85,task-10-0,1133,task-Sleep,1141,task-Diffuse,525,0,10140.8,,,
Fri Jan 01 16:34:12 CST 2010,DIRL,6,103,706,76,task-Sleep,1463,task-Diffuse,1336,2.249531283,null,,,,,
Fri Jan 01 16:34:12 CST 2010,DIRL,7,28,52,56,task-10-0,916,task-Sleep,1581,task-Diffuse,302,4.128447002,null,,,
Fri Jan 01 16:34:12 CST 2010,DIRL,8,115,199,86,task-10-0,947,task-Sleep,1201,task-Diffuse,651,0,11631.1,,,
Fri Jan 01 16:34:45 CST 2010,DIFFUSION,1,23,2742,122,0,7695.4,,,,,,,,,
Fri Jan 01 16:34:45 CST 2010,DIFFUSION,2,33,2742,122,5.256820481,null,,,,,,,,,
Fri Jan 01 16:34:45 CST 2010,DIFFUSION,3,48,21379,52,0,7110.6,,,,,,,,,
Fri Jan 01 16:34:45 CST 2010,DIFFUSION,4,53,21369,42,3.469098825,null,,,,,,,,,
Fri Jan 01 16:34:45 CST 2010,DIFFUSION,5,32,11188,48,0,7125.8,,,,,,,,,
Fri Jan 01 16:34:45 CST 2010,DIFFUSION,6,32,11187,48,0,7385.9,,,,,,,,,
Fri Jan 01 16:34:45 CST 2010,DIFFUSION,7,24,17764,10,0,7416,,,,,,,,,
Fri Jan 01 16:34:45 CST 2010,DIFFUSION,8,40,12164,50,0,7016.1,,,,,,,,,
Fri Jan 01 16:35:39 CST 2010,DIRL,1,120,289,42,task-Sleep,1796,task-Diffuse,1003,7.220969157,null,,,,,
Fri Jan 01 16:35:39 CST 2010,DIRL,2,120,1710,139,task-Sleep,818,task-Diffuse,1981,17.86078904,null,,,,,
Fri Jan 01 16:35:39 CST 2010,DIRL,3,162,789,110,task-Sleep,1328,task-Diffuse,1471,0.039412139,null,,,,,
Fri Jan 01 16:35:39 CST 2010,DIRL,4,162,1973,228,task-Sleep,817,task-Diffuse,1982,17.54150761,null,,,,,
Fri Jan 01 16:35:39 CST 2010,DIRL,5,84,141,58,task-10-0,1297,task-Sleep,1123,task-Diffuse,379,0,10280.8,,,
Fri Jan 01 16:35:40 CST 2010,DIRL,6,108,377,35,task-Sleep,1605,task-Diffuse,1194,4.361752913,null,,,,,
Fri Jan 01 16:35:40 CST 2010,DIRL,7,29,109,10,task-10-0,238,task-Sleep,2121,task-Diffuse,440,12.08460533,null,,,
Fri Jan 01 16:35:40 CST 2010,DIRL,8,85,118,108,task-10-0,1568,task-Sleep,1074,task-Diffuse,157,0,8606.1,,,
Fri Jan 01 16:40:21 CST 2010,DIFFUSION,1,20,16792,20160,0,6680.4,,,,,,,,,
Fri Jan 01 16:40:21 CST 2010,DIFFUSION,2,32,16761,20160,2.32980001,null,,,,,,,,,
Fri Jan 01 16:40:21 CST 2010,DIFFUSION,3,31,57968,21171,0,5555.6,,,,,,,,,
Fri Jan 01 16:40:21 CST 2010,DIFFUSION,4,39,54092,19910,0,13360.7,,,,,,,,,
Fri Jan 01 16:40:21 CST 2010,DIFFUSION,5,22,44304,18213,0,5835.8,,,,,,,,,
Fri Jan 01 16:40:22 CST 2010,DIFFUSION,6,22,44387,18213,0,5890.9,,,,,,,,,
Fri Jan 01 16:40:22 CST 2010,DIFFUSION,7,16,33304,37641,0,6226,,,,,,,,,
Fri Jan 01 16:40:22 CST 2010,DIFFUSION,8,26,50657,55842,0,5516.1,,,,,,,,,
Fri Jan 01 17:03:36 CST 2010,DIFFUSION,1,461,16981,547291,0,4810.4,,,,,,,,,
Fri Jan 01 17:03:36 CST 2010,DIFFUSION,2,970,36393,516217,0,2965.5,,,,,,,,,
Fri Jan 01 17:03:36 CST 2010,DIFFUSION,3,278,27438,1087700,0,2670.6,,,,,,,,,
Fri Jan 01 17:03:36 CST 2010,DIFFUSION,4,288,26656,707004,0,2525.7,,,,,,,,,
Fri Jan 01 17:03:36 CST 2010,DIFFUSION,5,524,32136,646991,0,4365.8,,,,,,,,,
Fri Jan 01 17:03:37 CST 2010,DIFFUSION,6,298,24624,644115,0,2465.9,,,,,,,,,
Fri Jan 01 17:03:37 CST 2010,DIFFUSION,7,433,22409,723086,0,4766,,,,,,,,,
Fri Jan 01 17:03:37 CST 2010,DIFFUSION,8,483,34383,1370064,0,3041.1,,,,,,,,,
Fri Jan 01 17:03:37 CST 2010,DIFFUSION,9,279,28529,703208,0,2521.2,,,,,,,,,
Fri Jan 01 17:03:37 CST 2010,DIFFUSION,10,985,38471,516920,0,2961.3,,,,,,,,,
Fri Jan 01 17:03:37 CST 2010,DIFFUSION,11,1283,37922,178006,0,3696.4,,,,,,,,,
Fri Jan 01 17:03:37 CST 2010,DIFFUSION,12,1284,37207,198971,0,3731.5,,,,,,,,,
Fri Jan 01 17:03:37 CST 2010,DIFFUSION,13,1297,44708,167808,0,3631.6,,,,,,,,,
Fri Jan 01 17:03:37 CST 2010,DIFFUSION,14,1260,29112,28004,0,4411.7,,,,,,,,,
Fri Jan 01 17:03:37 CST 2010,DIFFUSION,15,1353,50292,171748,0,2876.8,,,,,,,,,
Fri Jan 01 17:03:37 CST 2010,DIFFUSION,16,1404,41015,32785,0,3636.9,,,,,,,,,
Fri Jan 01 17:03:38 CST 2010,DIFFUSION,17,1314,50525,185404,0,2892,,,,,,,,,
Fri Jan 01 17:03:38 CST 2010,DIFFUSION,18,893,34222,293686,0,2802.1,,,,,,,,,
Fri Jan 01 17:04:27 CST 2010,DIRL,1,93,1133,111,task-Sleep,1166,task-Diffuse,1633,0,10690.4,,,,,
Fri Jan 01 17:04:27 CST 2010,DIRL,2,107,1025,92,task-Sleep,1248,task-Diffuse,1551,0,12750.5,,,,,
Fri Jan 01 17:04:27 CST 2010,DIRL,3,142,746,90,task-Sleep,1311,task-Diffuse,1488,0,13565.6,,,,,
Fri Jan 01 17:04:27 CST 2010,DIRL,4,142,2121,249,task-Sleep,692,task-Diffuse,2107,15.70008379,null,,,,,
Fri Jan 01 17:04:28 CST 2010,DIRL,5,90,158,76,task-10-0,1193,task-Sleep,1163,task-Diffuse,443,0,11100.8,,,
Fri Jan 01 17:04:28 CST 2010,DIRL,6,96,353,43,task-Sleep,1671,task-Diffuse,1128,5.298654987,null,,,,,
Fri Jan 01 17:04:28 CST 2010,DIRL,7,27,291,22,task-10-0,205,task-Sleep,1929,task-Diffuse,665,9.233533359,null,,,
Fri Jan 01 17:04:28 CST 2010,DIRL,8,85,167,120,task-10-0,1528,task-Sleep,1084,task-Diffuse,187,0,8956.1,,,
Fri Jan 01 17:05:48 CST 2010,DIRL,1,102,1057,90,task-Sleep,1190,task-Diffuse,1609,0,11175.4,,,,,
Fri Jan 01 17:05:48 CST 2010,DIRL,2,108,950,93,task-Sleep,1290,task-Diffuse,1509,0,13695.5,,,,,
Fri Jan 01 17:05:48 CST 2010,DIRL,3,136,897,126,task-Sleep,1243,task-Diffuse,1556,0,11915.6,,,,,
Fri Jan 01 17:05:48 CST 2010,DIRL,4,142,1833,213,task-Sleep,790,task-Diffuse,2009,17.14322078,null,,,,,
Fri Jan 01 17:05:48 CST 2010,DIRL,5,84,314,80,task-10-0,1141,task-Sleep,1122,task-Diffuse,536,0,10060.8,,,
Fri Jan 01 17:05:48 CST 2010,DIRL,6,96,712,63,task-Sleep,1448,task-Diffuse,1351,2.020164738,null,,,,,
Fri Jan 01 17:05:48 CST 2010,DIRL,7,27,237,77,task-10-0,896,task-Sleep,1427,task-Diffuse,476,1.860776033,null,,,
Fri Jan 01 17:05:48 CST 2010,DIRL,8,115,299,70,task-10-0,820,task-Sleep,1189,task-Diffuse,790,0,11431.1,,,
Fri Jan 01 17:06:30 CST 2010,DIFFUSION,1,23,2742,122,0,7695.4,,,,,,,,,
Fri Jan 01 17:06:30 CST 2010,DIFFUSION,2,23,2742,122,0,7695.5,,,,,,,,,
Fri Jan 01 17:06:30 CST 2010,DIFFUSION,3,48,21379,52,0,7110.6,,,,,,,,,
Fri Jan 01 17:06:30 CST 2010,DIFFUSION,4,48,21369,42,3.517163548,null,,,,,,,,,
Fri Jan 01 17:06:30 CST 2010,DIFFUSION,5,32,11188,48,0,7125.8,,,,,,,,,
Fri Jan 01 17:06:30 CST 2010,DIFFUSION,6,32,11187,48,0,7385.9,,,,,,,,,
Fri Jan 01 17:06:30 CST 2010,DIFFUSION,7,24,17764,10,0,7416,,,,,,,,,
Fri Jan 01 17:06:30 CST 2010,DIFFUSION,8,40,12164,50,0,7016.1,,,,,,,,,
Fri Jan 01 17:10:15 CST 2010,DIFFUSION,1,20,16792,20160,0,6680.4,,,,,,,,,
Fri Jan 01 17:10:15 CST 2010,DIFFUSION,2,20,16761,20160,0,6760.5,,,,,,,,,
Fri Jan 01 17:10:15 CST 2010,DIFFUSION,3,31,57968,21171,0,5555.6,,,,,,,,,
Fri Jan 01 17:10:15 CST 2010,DIFFUSION,4,33,54092,19910,0,13375.7,,,,,,,,,
Fri Jan 01 17:10:15 CST 2010,DIFFUSION,5,22,44304,18213,0,5835.8,,,,,,,,,
Fri Jan 01 17:10:15 CST 2010,DIFFUSION,6,22,44387,18213,0,5890.9,,,,,,,,,
Fri Jan 01 17:10:15 CST 2010,DIFFUSION,7,16,33304,37641,0,6226,,,,,,,,,
Fri Jan 01 17:10:15 CST 2010,DIFFUSION,8,26,50657,55842,0,5516.1,,,,,,,,,
Fri Jan 01 17:23:30 CST 2010,DIRL,1,242,681,72,task-Sleep,1751,task-Diffuse,1248,3.018030464,null,,,,,
Fri Jan 01 17:23:30 CST 2010,DIRL,2,242,756,84,task-Sleep,1729,task-Diffuse,1270,2.681180107,null,,,,,
Fri Jan 01 17:23:30 CST 2010,DIRL,3,320,1070,210,task-Sleep,1456,task-Diffuse,1543,0,12050.6,,,,,
Fri Jan 01 17:23:30 CST 2010,DIRL,4,320,820,192,task-Sleep,1509,task-Diffuse,1490,0,13085.7,,,,,
Fri Jan 01 17:23:31 CST 2010,DIRL,5,197,232,67,task-10-0,1128,task-Sleep,1529,task-Diffuse,342,0,14330.8,,,
Fri Jan 01 17:23:31 CST 2010,DIRL,6,196,347,53,task-Sleep,1859,task-Diffuse,1140,4.623903699,null,,,,,
Fri Jan 01 17:23:31 CST 2010,DIRL,7,28,283,37,task-10-0,249,task-Sleep,2040,task-Diffuse,710,7.524247366,null,,,
Fri Jan 01 17:23:31 CST 2010,DIRL,8,222,177,83,task-10-0,1046,task-Sleep,1530,task-Diffuse,423,0,14236.1,,,
Fri Jan 01 17:23:31 CST 2010,DIRL,9,320,965,225,task-Sleep,1508,task-Diffuse,1491,0,13376.2,,,,,
Fri Jan 01 17:23:31 CST 2010,DIRL,10,242,629,73,task-Sleep,1672,task-Diffuse,1327,1.862747383,null,,,,,
Fri Jan 01 17:23:32 CST 2010,DIRL,11,242,604,87,task-Sleep,1772,task-Diffuse,1227,3.343848375,null,,,,,
Fri Jan 01 17:23:32 CST 2010,DIRL,12,165,258,127,task-10-0,1360,task-Sleep,1325,task-Diffuse,314,0,10281.5,,,
Fri Jan 01 17:23:32 CST 2010,DIRL,13,320,875,192,task-Sleep,1522,task-Diffuse,1477,0,13611.6,,,,,
Fri Jan 01 17:23:37 CST 2010,DIRL,1,220,567,90,task-Sleep,1735,task-Diffuse,1264,2.802024571,null,,,,,
Fri Jan 01 17:23:37 CST 2010,DIRL,2,220,690,73,task-Sleep,1796,task-Diffuse,1203,3.689706246,null,,,,,
Fri Jan 01 17:23:38 CST 2010,DIRL,3,293,895,144,task-Sleep,1450,task-Diffuse,1549,0,12065.6,,,,,
Fri Jan 01 17:23:38 CST 2010,DIRL,4,293,947,243,task-Sleep,1476,task-Diffuse,1523,0,12645.7,,,,,
Fri Jan 01 17:23:38 CST 2010,DIRL,5,178,180,97,task-10-0,1084,task-Sleep,1532,task-Diffuse,383,0,14505.8,,,
Fri Jan 01 17:23:38 CST 2010,DIRL,6,177,294,45,task-Sleep,1924,task-Diffuse,1075,5.604046451,null,,,,,
Fri Jan 01 17:23:38 CST 2010,DIRL,7,26,159,18,task-10-0,225,task-Sleep,2100,task-Diffuse,674,8.417983715,null,,,
Fri Jan 01 17:23:38 CST 2010,DIRL,8,201,178,61,task-10-0,791,task-Sleep,1638,task-Diffuse,570,1.190029183,null,,,
Fri Jan 01 17:23:38 CST 2010,DIRL,9,269,1004,155,task-Sleep,1421,task-Diffuse,1578,0,10981.2,,,,,
Fri Jan 01 17:23:39 CST 2010,DIRL,10,220,672,73,task-Sleep,1656,task-Diffuse,1343,1.68391365,null,,,,,
Fri Jan 01 17:23:39 CST 2010,DIRL,11,220,868,127,task-Sleep,1513,task-Diffuse,1486,0,14246.4,,,,,
Fri Jan 01 17:23:39 CST 2010,DIRL,12,135,144,135,task-10-0,1616,task-Sleep,1231,task-Diffuse,152,0,8261.5,,,
Fri Jan 01 17:23:39 CST 2010,DIRL,13,269,866,142,task-Sleep,1412,task-Diffuse,1587,0,10781.6,,,,,
Fri Jan 01 17:28:08 CST 2010,DIFFUSION,1,34,4550,150,0,7140.4,,,,,,,,,
Fri Jan 01 17:28:09 CST 2010,DIFFUSION,2,34,4483,145,0,7155.5,,,,,,,,,
Fri Jan 01 17:28:09 CST 2010,DIFFUSION,3,52,27660,135,0,5960.6,,,,,,,,,
Fri Jan 01 17:28:09 CST 2010,DIFFUSION,4,52,27777,127,0,5965.7,,,,,,,,,
Fri Jan 01 17:28:09 CST 2010,DIFFUSION,5,35,19025,106,0,6060.8,,,,,,,,,
Fri Jan 01 17:28:09 CST 2010,DIFFUSION,6,30,12130,87,0,6830.9,,,,,,,,,
Fri Jan 01 17:28:09 CST 2010,DIFFUSION,7,20,22035,44,0,6761,,,,,,,,,
Fri Jan 01 17:28:09 CST 2010,DIFFUSION,8,40,19391,105,0,5951.1,,,,,,,,,
Fri Jan 01 17:28:09 CST 2010,DIFFUSION,9,52,27407,123,0,5956.2,,,,,,,,,
Fri Jan 01 17:28:09 CST 2010,DIFFUSION,10,34,4515,144,0,7156.3,,,,,,,,,
Fri Jan 01 17:28:09 CST 2010,DIFFUSION,11,34,4691,155,0,7146.4,,,,,,,,,
Fri Jan 01 17:28:09 CST 2010,DIFFUSION,12,35,19274,98,0,6061.5,,,,,,,,,
Fri Jan 01 17:28:09 CST 2010,DIFFUSION,13,51,27912,136,0,5971.6,,,,,,,,,
Fri Jan 01 17:28:17 CST 2010,DIFFUSION,1,34,4550,150,0,7140.4,,,,,,,,,
Fri Jan 01 17:28:17 CST 2010,DIFFUSION,2,34,4483,145,0,7155.5,,,,,,,,,
Fri Jan 01 17:28:17 CST 2010,DIFFUSION,3,52,27660,135,0,5960.6,,,,,,,,,
Fri Jan 01 17:28:17 CST 2010,DIFFUSION,4,52,27777,127,0,5965.7,,,,,,,,,
Fri Jan 01 17:28:17 CST 2010,DIFFUSION,5,35,19025,106,0,6060.8,,,,,,,,,
Fri Jan 01 17:28:17 CST 2010,DIFFUSION,6,30,12130,87,0,6830.9,,,,,,,,,
Fri Jan 01 17:28:17 CST 2010,DIFFUSION,7,20,22035,44,0,6761,,,,,,,,,
Fri Jan 01 17:28:17 CST 2010,DIFFUSION,8,40,19391,105,0,5951.1,,,,,,,,,
Fri Jan 01 17:28:17 CST 2010,DIFFUSION,9,52,27407,123,0,5956.2,,,,,,,,,
Fri Jan 01 17:28:17 CST 2010,DIFFUSION,10,34,4515,144,0,7156.3,,,,,,,,,
Fri Jan 01 17:28:17 CST 2010,DIFFUSION,11,34,4691,155,0,7146.4,,,,,,,,,
Fri Jan 01 17:28:17 CST 2010,DIFFUSION,12,35,19274,98,0,6061.5,,,,,,,,,
Fri Jan 01 17:28:17 CST 2010,DIFFUSION,13,51,27912,136,0,5971.6,,,,,,,,,
Fri Jan 01 17:43:51 CST 2010,DIRL,1,17,383,29,task-Sleep,1679,task-Diffuse,720,0,3605.4,,,,,
Fri Jan 01 17:43:52 CST 2010,DIRL,2,12,124,9,task-Sleep,1853,task-Diffuse,546,0,4135.5,,,,,
Fri Jan 01 17:43:52 CST 2010,DIRL,3,23,407,54,task-Sleep,1665,task-Diffuse,734,0,3505.6,,,,,
Fri Jan 01 17:43:52 CST 2010,DIRL,4,23,383,46,task-Sleep,1697,task-Diffuse,702,0,3670.7,,,,,
Fri Jan 01 17:43:52 CST 2010,DIRL,5,12,146,19,task-10-0,147,task-Sleep,1737,task-Diffuse,515,0,3850.8,,,
Fri Jan 01 17:43:52 CST 2010,DIRL,6,12,183,17,task-Sleep,1811,task-Diffuse,588,0,3995.9,,,,,
Fri Jan 01 17:43:52 CST 2010,DIRL,7,5,46,50,task-10-0,742,task-Sleep,1509,task-Diffuse,148,0,3241,,,
Fri Jan 01 17:43:52 CST 2010,DIRL,8,19,510,59,task-10-0,149,task-Sleep,1559,task-Diffuse,691,0,3391.1,,,
Fri Jan 01 17:44:02 CST 2010,DIRL,1,30,329,27,task-Sleep,1717,task-Diffuse,682,0,3700.4,,,,,
Fri Jan 01 17:44:02 CST 2010,DIRL,2,30,344,34,task-Sleep,1678,task-Diffuse,721,0,3605.5,,,,,
Fri Jan 01 17:44:02 CST 2010,DIRL,3,42,506,73,task-Sleep,1588,task-Diffuse,811,0,3340.6,,,,,
Fri Jan 01 17:44:02 CST 2010,DIRL,4,42,553,77,task-Sleep,1578,task-Diffuse,821,0,3320.7,,,,,
Fri Jan 01 17:44:02 CST 2010,DIRL,5,28,79,31,task-10-0,686,task-Sleep,1520,task-Diffuse,193,0,3300.8,,,
Fri Jan 01 17:44:02 CST 2010,DIRL,6,28,152,21,task-Sleep,1742,task-Diffuse,657,0,3835.9,,,,,
Fri Jan 01 17:44:02 CST 2010,DIRL,7,9,86,6,task-10-0,199,task-Sleep,1882,task-Diffuse,318,0,4506,,,
Fri Jan 01 17:44:02 CST 2010,DIRL,8,35,72,35,task-10-0,560,task-Sleep,1583,task-Diffuse,256,0,3441.1,,,
Fri Jan 01 17:44:32 CST 2010,DIFFUSION,1,12,1134,76,0,3130.4,,,,,,,,,
Fri Jan 01 17:44:32 CST 2010,DIFFUSION,2,12,1134,76,0,3130.5,,,,,,,,,
Fri Jan 01 17:44:32 CST 2010,DIFFUSION,3,24,9124,52,0,3065.6,,,,,,,,,
Fri Jan 01 17:44:32 CST 2010,DIFFUSION,4,24,9028,42,0,3065.7,,,,,,,,,
Fri Jan 01 17:44:32 CST 2010,DIFFUSION,5,16,4799,48,0,3065.8,,,,,,,,,
Fri Jan 01 17:44:32 CST 2010,DIFFUSION,6,16,4799,48,0,3095.9,,,,,,,,,
Fri Jan 01 17:44:32 CST 2010,DIFFUSION,7,12,7558,10,0,3101,,,,,,,,,
Fri Jan 01 17:44:32 CST 2010,DIFFUSION,8,20,5127,50,0,3051.1,,,,,,,,,
Fri Jan 01 17:47:21 CST 2010,DIFFUSION,1,9,8313,20160,0,2990.4,,,,,,,,,
Fri Jan 01 17:47:22 CST 2010,DIFFUSION,2,9,8282,20160,0,2985.5,,,,,,,,,
Fri Jan 01 17:47:22 CST 2010,DIFFUSION,3,16,27490,21171,0,2840.6,,,,,,,,,
Fri Jan 01 17:47:22 CST 2010,DIFFUSION,4,16,24601,19910,0,2815.7,,,,,,,,,
Fri Jan 01 17:47:22 CST 2010,DIFFUSION,5,12,22382,18213,0,2875.8,,,,,,,,,
Fri Jan 01 17:47:22 CST 2010,DIFFUSION,6,12,22438,18213,0,2885.9,,,,,,,,,
Fri Jan 01 17:47:22 CST 2010,DIFFUSION,7,8,14633,37641,0,2926,,,,,,,,,
Fri Jan 01 17:47:22 CST 2010,DIFFUSION,8,14,25552,55842,0,2836.1,,,,,,,,,
Fri Jan 01 17:59:54 CST 2010,DIRL,1,68,681,68,task-Sleep,1298,task-Diffuse,1101,0,9850.4,,,,,
Fri Jan 01 17:59:54 CST 2010,DIRL,2,68,689,66,task-Sleep,1226,task-Diffuse,1173,0,9055.5,,,,,
Fri Jan 01 17:59:54 CST 2010,DIRL,3,90,1036,104,task-Sleep,1065,task-Diffuse,1334,0,7035.6,,,,,
Fri Jan 01 17:59:54 CST 2010,DIRL,4,90,906,111,task-Sleep,1092,task-Diffuse,1307,0,7135.7,,,,,
Fri Jan 01 17:59:54 CST 2010,DIRL,5,60,445,58,task-10-0,455,task-Sleep,1225,task-Diffuse,719,0,9110.8,,,
Fri Jan 01 17:59:54 CST 2010,DIRL,6,60,387,46,task-Sleep,1394,task-Diffuse,1005,0,10900.9,,,,,
Fri Jan 01 17:59:54 CST 2010,DIRL,7,17,45,53,task-10-0,877,task-Sleep,1299,task-Diffuse,223,0,10101,,,
Fri Jan 01 17:59:54 CST 2010,DIRL,8,75,240,78,task-10-0,669,task-Sleep,1241,task-Diffuse,489,0,9191.1,,,
Fri Jan 01 18:06:36 CST 2010,DIRL,1,102,1016,78,task-Sleep,858,task-Diffuse,1541,5.450887162,null,,,,,
Fri Jan 01 18:06:36 CST 2010,DIRL,2,102,1176,107,task-Sleep,749,task-Diffuse,1650,3.799721243,null,,,,,
Fri Jan 01 18:06:36 CST 2010,DIRL,3,134,1490,195,task-Sleep,543,task-Diffuse,1856,0.271355705,null,,,,,
Fri Jan 01 18:06:36 CST 2010,DIRL,4,134,1594,183,task-Sleep,536,task-Diffuse,1863,0.16189115,null,,,,,
Fri Jan 01 18:06:37 CST 2010,DIRL,5,91,181,74,task-10-0,1237,task-Sleep,710,task-Diffuse,452,3.083796907,null,,,
Fri Jan 01 18:06:37 CST 2010,DIRL,6,91,953,94,task-Sleep,882,task-Diffuse,1517,5.664283914,null,,,,,
Fri Jan 01 18:06:37 CST 2010,DIRL,7,25,244,62,task-10-0,785,task-Sleep,1110,task-Diffuse,504,9.283239985,null,,,
Fri Jan 01 18:06:37 CST 2010,DIRL,8,114,418,135,task-10-0,1272,task-Sleep,485,task-Diffuse,642,0,11761.1,,,
Fri Jan 01 18:06:50 CST 2010,DIRL,1,102,1144,96,task-Sleep,823,task-Diffuse,1576,4.904475297,null,,,,,
Fri Jan 01 18:06:50 CST 2010,DIRL,2,102,1165,107,task-Sleep,760,task-Diffuse,1639,3.947250283,null,,,,,
Fri Jan 01 18:06:50 CST 2010,DIRL,3,137,1638,206,task-Sleep,508,task-Diffuse,1891,0,11805.6,,,,,
Fri Jan 01 18:06:50 CST 2010,DIRL,4,137,1668,190,task-Sleep,521,task-Diffuse,1878,0,11965.7,,,,,
Fri Jan 01 18:06:51 CST 2010,DIRL,5,92,163,84,task-10-0,1710,task-Sleep,528,task-Diffuse,161,0.325112218,null,,,
Fri Jan 01 18:06:51 CST 2010,DIRL,6,92,544,50,task-Sleep,1287,task-Diffuse,1112,11.78358021,null,,,,,
Fri Jan 01 18:06:51 CST 2010,DIRL,7,25,177,17,task-10-0,179,task-Sleep,1707,task-Diffuse,513,18.26698688,null,,,
Fri Jan 01 18:06:51 CST 2010,DIRL,8,115,144,105,task-10-0,1680,task-Sleep,524,task-Diffuse,195,0.142692047,null,,,
Fri Jan 01 18:08:11 CST 2010,DIFFUSION,1,29,3557,128,0,9840.4,,,,,,,,,
Fri Jan 01 18:08:11 CST 2010,DIFFUSION,2,29,3557,128,0,9845.5,,,,,,,,,
Fri Jan 01 18:08:11 CST 2010,DIFFUSION,3,60,27728,52,0,9165.6,,,,,,,,,
Fri Jan 01 18:08:11 CST 2010,DIFFUSION,4,60,27717,42,0,9165.7,,,,,,,,,
Fri Jan 01 18:08:11 CST 2010,DIFFUSION,5,40,14525,48,0,9225.8,,,,,,,,,
Fri Jan 01 18:08:11 CST 2010,DIFFUSION,6,40,14525,48,0,9480.9,,,,,,,,,
Fri Jan 01 18:08:11 CST 2010,DIFFUSION,7,30,23096,10,0,9506,,,,,,,,,
Fri Jan 01 18:08:11 CST 2010,DIFFUSION,8,50,15883,50,0,9111.1,,,,,,,,,
Fri Jan 01 18:19:05 CST 2010,DIRL,1,78,795,68,task-Sleep,1087,task-Diffuse,1312,0,11595.4,,,,,
Fri Jan 01 18:19:05 CST 2010,DIRL,2,78,853,74,task-Sleep,1120,task-Diffuse,1279,0.159909531,null,,,,,
Fri Jan 01 18:19:05 CST 2010,DIRL,3,102,1087,123,task-Sleep,946,task-Diffuse,1453,0,8900.6,,,,,
Fri Jan 01 18:19:05 CST 2010,DIRL,4,102,1241,163,task-Sleep,935,task-Diffuse,1464,0,8710.7,,,,,
Fri Jan 01 18:19:05 CST 2010,DIRL,5,68,142,67,task-10-0,974,task-Sleep,988,task-Diffuse,437,0,9885.8,,,
Fri Jan 01 18:19:05 CST 2010,DIRL,6,68,690,65,task-Sleep,1192,task-Diffuse,1207,1.11183468,null,,,,,
Fri Jan 01 18:19:05 CST 2010,DIRL,7,19,88,59,task-10-0,873,task-Sleep,1235,task-Diffuse,291,1.861269974,null,,,
Fri Jan 01 18:19:05 CST 2010,DIRL,8,85,389,80,task-10-0,547,task-Sleep,1014,task-Diffuse,838,0,10201.1,,,
Fri Jan 01 18:31:47 CST 2010,DIRL,1,77,789,74,task-Sleep,1125,task-Diffuse,1274,0.226648437,null,,,,,
Fri Jan 01 18:31:47 CST 2010,DIRL,2,77,884,84,task-Sleep,1083,task-Diffuse,1316,0,11540.5,,,,,
Fri Jan 01 18:31:48 CST 2010,DIRL,3,100,1235,133,task-Sleep,922,task-Diffuse,1477,0,8470.6,,,,,
Fri Jan 01 18:31:48 CST 2010,DIRL,4,100,1077,147,task-Sleep,934,task-Diffuse,1465,0,8575.7,,,,,
Fri Jan 01 18:31:48 CST 2010,DIRL,5,68,206,75,task-10-0,1074,task-Sleep,876,task-Diffuse,449,0,8305.8,,,
Fri Jan 01 18:31:48 CST 2010,DIRL,6,68,286,28,task-Sleep,1396,task-Diffuse,1003,4.16171357,null,,,,,
Fri Jan 01 18:31:48 CST 2010,DIRL,7,19,62,49,task-10-0,731,task-Sleep,1367,task-Diffuse,301,3.836126721,null,,,
Fri Jan 01 18:31:48 CST 2010,DIRL,8,85,360,74,task-10-0,640,task-Sleep,1047,task-Diffuse,712,0,10881.1,,,
Fri Jan 01 18:31:55 CST 2010,DIRL,1,83,806,63,task-Sleep,1123,task-Diffuse,1276,0.18710358,null,,,,,
Fri Jan 01 18:31:55 CST 2010,DIRL,2,83,878,79,task-Sleep,1044,task-Diffuse,1355,0,11030.5,,,,,
Fri Jan 01 18:31:55 CST 2010,DIRL,3,102,1362,150,task-Sleep,951,task-Diffuse,1448,0,8990.6,,,,,
Fri Jan 01 18:31:55 CST 2010,DIRL,4,109,997,130,task-Sleep,1007,task-Diffuse,1392,0,10005.7,,,,,
Fri Jan 01 18:31:55 CST 2010,DIRL,5,68,156,61,task-10-0,1209,task-Sleep,918,task-Diffuse,272,0,8880.8,,,
Fri Jan 01 18:31:55 CST 2010,DIRL,6,73,456,45,task-Sleep,1384,task-Diffuse,1015,3.977519434,null,,,,,
Fri Jan 01 18:31:55 CST 2010,DIRL,7,21,180,17,task-10-0,194,task-Sleep,1669,task-Diffuse,536,8.344613922,null,,,
Fri Jan 01 18:31:55 CST 2010,DIRL,8,85,141,78,task-10-0,1339,task-Sleep,875,task-Diffuse,185,0,8201.1,,,
Fri Jan 01 18:34:03 CST 2010,DIFFUSION,1,33,4003,130,0,11200.4,,,,,,,,,
Fri Jan 01 18:34:03 CST 2010,DIFFUSION,2,33,4003,130,0,11205.5,,,,,,,,,
Fri Jan 01 18:34:03 CST 2010,DIFFUSION,3,66,31128,52,0,10285.6,,,,,,,,,
Fri Jan 01 18:34:03 CST 2010,DIFFUSION,4,66,31127,42,0,10285.7,,,,,,,,,
Fri Jan 01 18:34:03 CST 2010,DIFFUSION,5,44,16304,48,0,10375.8,,,,,,,,,
Fri Jan 01 18:34:03 CST 2010,DIFFUSION,6,44,16304,48,0,10710.9,,,,,,,,,
Fri Jan 01 18:34:03 CST 2010,DIFFUSION,7,33,25952,10,0,10746,,,,,,,,,
Fri Jan 01 18:34:03 CST 2010,DIFFUSION,8,55,17842,50,0,10216.1,,,,,,,,,
Fri Jan 01 18:40:53 CST 2010,DIFFUSION,1,26,23509,20160,0,9785.4,,,,,,,,,
Fri Jan 01 18:40:53 CST 2010,DIFFUSION,2,26,23478,20160,0,9920.5,,,,,,,,,
Fri Jan 01 18:40:53 CST 2010,DIFFUSION,3,42,85605,21171,0,7940.6,,,,,,,,,
Fri Jan 01 18:40:53 CST 2010,DIFFUSION,4,42,76733,19910,0,7825.7,,,,,,,,,
Fri Jan 01 18:40:53 CST 2010,DIFFUSION,5,30,63523,18213,0,8470.8,,,,,,,,,
Fri Jan 01 18:40:53 CST 2010,DIFFUSION,6,30,63620,18213,0,8525.9,,,,,,,,,
Fri Jan 01 18:40:53 CST 2010,DIFFUSION,7,22,50525,37641,0,9086,,,,,,,,,
Fri Jan 01 18:40:53 CST 2010,DIFFUSION,8,36,72167,55842,0,7916.1,,,,,,,,,
Fri Jan 01 19:04:48 CST 2010,DIRL,1,66,1232,95,task-Sleep,968,task-Diffuse,1431,0,7325.4,,,,,
Fri Jan 01 19:04:48 CST 2010,DIRL,2,78,112,21,task-Sleep,1632,task-Diffuse,767,4.515627519,null,,,,,
Fri Jan 01 19:04:48 CST 2010,DIRL,3,101,374,50,task-Sleep,1371,task-Diffuse,1028,0.402416294,null,,,,,
Fri Jan 01 19:04:49 CST 2010,DIRL,4,89,1445,159,task-Sleep,961,task-Diffuse,1438,0,7180.7,,,,,
Fri Jan 01 19:04:49 CST 2010,DIRL,5,60,123,46,task-10-0,1950,task-Sleep,273,task-Diffuse,176,0,7745.8,,,
Fri Jan 01 19:04:49 CST 2010,DIRL,6,68,374,44,task-Sleep,1400,task-Diffuse,999,0.951643643,null,,,,,
Fri Jan 01 19:04:49 CST 2010,DIRL,7,21,93,11,task-10-0,206,task-Sleep,1716,task-Diffuse,477,5.795497839,null,,,
Fri Jan 01 19:04:49 CST 2010,DIRL,8,75,97,76,task-10-0,2020,task-Sleep,295,task-Diffuse,84,0,7821.1,,,
Fri Jan 01 19:05:25 CST 2010,DIRL,1,61,1109,85,task-Sleep,979,task-Diffuse,1420,0,7615.4,,,,,
Fri Jan 01 19:05:25 CST 2010,DIRL,2,69,431,49,task-Sleep,1308,task-Diffuse,1091,0,11710.5,,,,,
Fri Jan 01 19:05:25 CST 2010,DIRL,3,88,688,81,task-Sleep,1116,task-Diffuse,1283,0,9060.6,,,,,
Fri Jan 01 19:05:25 CST 2010,DIRL,4,77,1444,169,task-Sleep,953,task-Diffuse,1446,0,6995.7,,,,,
Fri Jan 01 19:05:25 CST 2010,DIRL,5,59,214,36,task-10-0,1116,task-Sleep,704,task-Diffuse,579,0,9470.8,,,
Fri Jan 01 19:05:25 CST 2010,DIRL,6,59,739,65,task-Sleep,1187,task-Diffuse,1212,0,10020.9,,,,,
Fri Jan 01 19:05:25 CST 2010,DIRL,7,18,114,61,task-10-0,889,task-Sleep,1187,task-Diffuse,323,0,10236,,,
Fri Jan 01 19:05:25 CST 2010,DIRL,8,72,104,81,task-10-0,1614,task-Sleep,489,task-Diffuse,296,0,8586.1,,,
Fri Jan 01 19:25:23 CST 2010,DIRL,1,66,1245,98,task-Sleep,951,task-Diffuse,1448,0,7090.4,,,,,
Fri Jan 01 19:25:23 CST 2010,DIRL,2,74,406,44,task-Sleep,1368,task-Diffuse,1031,0.566855437,null,,,,,
Fri Jan 01 19:25:23 CST 2010,DIRL,3,95,852,132,task-Sleep,1144,task-Diffuse,1255,0,9235.6,,,,,
Fri Jan 01 19:25:23 CST 2010,DIRL,4,89,1433,174,task-Sleep,958,task-Diffuse,1441,0,7030.7,,,,,
Fri Jan 01 19:25:23 CST 2010,DIRL,5,60,113,66,task-10-0,2136,task-Sleep,128,task-Diffuse,135,0,7160.8,,,
Fri Jan 01 19:25:23 CST 2010,DIRL,6,64,311,34,task-Sleep,1419,task-Diffuse,980,1.258497414,null,,,,,
Fri Jan 01 19:25:23 CST 2010,DIRL,7,19,47,6,task-10-0,210,task-Sleep,1831,task-Diffuse,358,7.501259404,null,,,
Fri Jan 01 19:25:23 CST 2010,DIRL,8,75,121,81,task-10-0,2139,task-Sleep,125,task-Diffuse,135,0,7136.1,,,
Fri Jan 01 19:25:33 CST 2010,DIRL,1,60,1052,89,task-Sleep,983,task-Diffuse,1416,0,7445.4,,,,,
Fri Jan 01 19:25:33 CST 2010,DIRL,2,66,559,57,task-Sleep,1308,task-Diffuse,1091,0,11700.5,,,,,
Fri Jan 01 19:25:33 CST 2010,DIRL,3,84,905,100,task-Sleep,1078,task-Diffuse,1321,0,8480.6,,,,,
Fri Jan 01 19:25:33 CST 2010,DIRL,4,78,1537,146,task-Sleep,940,task-Diffuse,1459,0,6815.7,,,,,
Fri Jan 01 19:25:34 CST 2010,DIRL,5,54,439,67,task-10-0,787,task-Sleep,1000,task-Diffuse,612,0,7875.8,,,
Fri Jan 01 19:25:34 CST 2010,DIRL,6,56,695,55,task-Sleep,1139,task-Diffuse,1260,0,9245.9,,,,,
Fri Jan 01 19:25:34 CST 2010,DIRL,7,17,209,72,task-10-0,872,task-Sleep,1145,task-Diffuse,382,0,9756,,,
Fri Jan 01 19:25:34 CST 2010,DIRL,8,71,171,73,task-10-0,1621,task-Sleep,507,task-Diffuse,271,0,8661.1,,,
Fri Jan 01 19:26:29 CST 2010,DIFFUSION,1,20,2346,112,0,6510.4,,,,,,,,,
Fri Jan 01 19:26:29 CST 2010,DIFFUSION,2,20,2346,112,0,6515.5,,,,,,,,,
Fri Jan 01 19:26:29 CST 2010,DIFFUSION,3,42,18387,52,0,6120.6,,,,,,,,,
Fri Jan 01 19:26:29 CST 2010,DIFFUSION,4,42,18336,42,0,6120.7,,,,,,,,,
Fri Jan 01 19:26:29 CST 2010,DIFFUSION,5,28,9626,48,0,6125.8,,,,,,,,,
Fri Jan 01 19:26:29 CST 2010,DIFFUSION,6,28,9626,48,0,6305.9,,,,,,,,,
Fri Jan 01 19:26:29 CST 2010,DIFFUSION,7,21,15259,10,0,6326,,,,,,,,,
Fri Jan 01 19:26:29 CST 2010,DIFFUSION,8,35,10442,50,0,6051.1,,,,,,,,,
Fri Jan 01 19:31:07 CST 2010,DIFFUSION,1,16,14694,20160,0,5805.4,,,,,,,,,
Fri Jan 01 19:31:07 CST 2010,DIFFUSION,2,16,14663,20160,0,5855.5,,,,,,,,,
Fri Jan 01 19:31:07 CST 2010,DIFFUSION,3,26,51298,21171,0,5005.6,,,,,,,,,
Fri Jan 01 19:31:07 CST 2010,DIFFUSION,4,26,45649,19910,0,4910.7,,,,,,,,,
Fri Jan 01 19:31:07 CST 2010,DIFFUSION,5,18,39334,18213,0,5210.8,,,,,,,,,
Fri Jan 01 19:31:07 CST 2010,DIFFUSION,6,18,39411,18213,0,5255.9,,,,,,,,,
Fri Jan 01 19:31:07 CST 2010,DIFFUSION,7,14,28966,37641,0,5471,,,,,,,,,
Fri Jan 01 19:31:07 CST 2010,DIFFUSION,8,22,45648,55842,0,4976.1,,,,,,,,,
Sat Jan 02 09:23:27 CST 2010,DIRL,1,329,246,50,task-Sleep,2821,task-Diffuse,1178,0,12665.4,,,,,
Sat Jan 02 09:23:27 CST 2010,DIRL,2,452,234,34,task-Sleep,2994,task-Diffuse,1005,0,14800.5,,,,,
Sat Jan 02 09:23:28 CST 2010,DIRL,3,444,460,119,task-Sleep,2613,task-Diffuse,1386,0,9335.6,,,,,
Sat Jan 02 09:23:28 CST 2010,DIRL,4,516,305,95,task-Sleep,2783,task-Diffuse,1216,0,12010.7,,,,,
Sat Jan 02 09:23:28 CST 2010,DIRL,5,182,128,59,task-10-0,2922,task-Sleep,706,task-Diffuse,371,0,9360.8,,,
Sat Jan 02 09:23:28 CST 2010,DIRL,6,246,193,28,task-Sleep,2958,task-Diffuse,1041,0,14555.9,,,,,
Sat Jan 02 09:23:28 CST 2010,DIRL,7,27,83,11,task-10-0,368,task-Sleep,3072,task-Diffuse,559,0,16881,,,
Sat Jan 02 09:23:28 CST 2010,DIRL,8,241,149,113,task-10-0,3246,task-Sleep,474,task-Diffuse,279,0,8401.1,,,
Sat Jan 02 09:23:28 CST 2010,DIRL,9,444,762,125,task-Sleep,2581,task-Diffuse,1418,0,9076.2,,,,,
Sat Jan 02 09:23:28 CST 2010,DIRL,10,451,151,35,task-Sleep,2902,task-Diffuse,1097,0,13656.3,,,,,
Sat Jan 02 09:23:28 CST 2010,DIRL,11,299,876,147,task-Sleep,2512,task-Diffuse,1487,0,8691.4,,,,,
Sat Jan 02 09:23:28 CST 2010,DIRL,12,152,146,183,task-10-0,3991,task-Sleep,3,task-Diffuse,5,0,6581.5,,,
Sat Jan 02 09:23:28 CST 2010,DIRL,13,366,1491,373,task-Sleep,2383,task-Diffuse,1616,0,6516.6,,,,,
Sat Jan 02 09:23:29 CST 2010,DIRL,14,505,257,55,task-Sleep,2849,task-Diffuse,1150,0,12651.7,,,,,
Sat Jan 02 09:23:29 CST 2010,DIRL,15,360,1527,292,task-Sleep,2357,task-Diffuse,1642,0,6591.8,,,,,
Sat Jan 02 09:23:29 CST 2010,DIRL,16,462,259,52,task-Sleep,2905,task-Diffuse,1094,0,13656.9,,,,,
Sat Jan 02 09:23:29 CST 2010,DIRL,17,451,264,48,task-Sleep,2882,task-Diffuse,1117,0,13062,,,,,
Sat Jan 02 09:23:29 CST 2010,DIRL,18,533,272,40,task-10-0,341,task-Sleep,2715,task-Diffuse,943,0,11732.1,,,
Sat Jan 02 09:45:35 CST 2010,DIRL,1,81,428,40,task-Sleep,1314,task-Diffuse,1085,0,11810.4,,,,,
Sat Jan 02 09:45:35 CST 2010,DIRL,2,79,793,70,task-Sleep,1149,task-Diffuse,1250,0,9560.5,,,,,
Sat Jan 02 09:45:35 CST 2010,DIRL,3,107,664,86,task-Sleep,1153,task-Diffuse,1246,0,9290.6,,,,,
Sat Jan 02 09:45:35 CST 2010,DIRL,4,102,981,127,task-Sleep,1052,task-Diffuse,1347,0,8145.7,,,,,
Sat Jan 02 09:45:35 CST 2010,DIRL,5,71,205,33,task-10-0,424,task-Sleep,1380,task-Diffuse,595,0.648121091,null,,,
Sat Jan 02 09:45:35 CST 2010,DIRL,6,71,539,62,task-Sleep,1284,task-Diffuse,1115,0,11275.9,,,,,
Sat Jan 02 09:45:35 CST 2010,DIRL,7,20,153,49,task-10-0,869,task-Sleep,1283,task-Diffuse,247,0,11431,,,
Sat Jan 02 09:45:35 CST 2010,DIRL,8,85,292,89,task-10-0,787,task-Sleep,1092,task-Diffuse,520,0,8881.1,,,
Sat Jan 02 09:50:28 CST 2010,DIRL,1,40,727,67,task-Sleep,1267,task-Diffuse,1132,0,11145.4,,,,,
Sat Jan 02 09:50:28 CST 2010,DIRL,2,40,672,68,task-Sleep,1235,task-Diffuse,1164,0,10830.5,,,,,
Sat Jan 02 09:50:28 CST 2010,DIRL,3,54,799,102,task-Sleep,1135,task-Diffuse,1264,0,9145.6,,,,,
Sat Jan 02 09:50:28 CST 2010,DIRL,4,54,1051,135,task-Sleep,1056,task-Diffuse,1343,0,8105.7,,,,,
Sat Jan 02 09:50:28 CST 2010,DIRL,5,36,79,23,task-10-0,525,task-Sleep,1408,task-Diffuse,466,1.074017848,null,,,
Sat Jan 02 09:50:28 CST 2010,DIRL,6,36,546,55,task-Sleep,1343,task-Diffuse,1056,0.097256014,null,,,,,
Sat Jan 02 09:50:28 CST 2010,DIRL,7,11,27,51,task-10-0,873,task-Sleep,1353,task-Diffuse,173,0.318512725,null,,,
Sat Jan 02 09:50:29 CST 2010,DIRL,8,45,338,80,task-10-0,771,task-Sleep,1044,task-Diffuse,584,0,8316.1,,,
Sat Jan 02 09:55:07 CST 2010,DIRL,1,69,745,64,task-Sleep,1180,task-Diffuse,1219,0,10070.4,,,,,
Sat Jan 02 09:55:07 CST 2010,DIRL,2,68,767,71,task-Sleep,1101,task-Diffuse,1298,0,9070.5,,,,,
Sat Jan 02 09:55:07 CST 2010,DIRL,3,86,1125,145,task-Sleep,1030,task-Diffuse,1369,0,7790.6,,,,,
Sat Jan 02 09:55:07 CST 2010,DIRL,4,86,1090,131,task-Sleep,1022,task-Diffuse,1377,0,7705.7,,,,,
Sat Jan 02 09:55:07 CST 2010,DIRL,5,60,137,59,task-10-0,934,task-Sleep,1097,task-Diffuse,368,0,9075.8,,,
Sat Jan 02 09:55:07 CST 2010,DIRL,6,60,478,46,task-Sleep,1344,task-Diffuse,1055,0.107547812,null,,,,,
Sat Jan 02 09:55:07 CST 2010,DIRL,7,16,34,38,task-10-0,763,task-Sleep,1392,task-Diffuse,244,0.912052229,null,,,
Sat Jan 02 09:55:07 CST 2010,DIRL,8,74,485,87,task-10-0,676,task-Sleep,1030,task-Diffuse,693,0,8256.1,,,
Sat Jan 02 10:00:24 CST 2010,DIRL,1,72,676,71,task-Sleep,1204,task-Diffuse,1195,0,10300.4,,,,,
Sat Jan 02 10:00:24 CST 2010,DIRL,2,72,755,66,task-Sleep,1208,task-Diffuse,1191,0,10405.5,,,,,
Sat Jan 02 10:00:24 CST 2010,DIRL,3,93,947,120,task-Sleep,1087,task-Diffuse,1312,0,8530.6,,,,,
Sat Jan 02 10:00:24 CST 2010,DIRL,4,88,1124,107,task-Sleep,1031,task-Diffuse,1368,0,7795.7,,,,,
Sat Jan 02 10:00:24 CST 2010,DIRL,5,63,154,58,task-10-0,823,task-Sleep,1136,task-Diffuse,440,0,9470.8,,,
Sat Jan 02 10:00:24 CST 2010,DIRL,6,63,822,83,task-Sleep,1219,task-Diffuse,1180,0,10400.9,,,,,
Sat Jan 02 10:00:24 CST 2010,DIRL,7,18,113,48,task-10-0,867,task-Sleep,1239,task-Diffuse,293,0,10766,,,
Sat Jan 02 10:00:24 CST 2010,DIRL,8,79,318,82,task-10-0,676,task-Sleep,1117,task-Diffuse,606,0,9141.1,,,
Sat Jan 02 10:07:56 CST 2010,DIRL,1,49,1220,103,task-Sleep,840,task-Diffuse,1559,0,11105.4,,,,,
Sat Jan 02 10:07:56 CST 2010,DIRL,2,39,422,36,task-Sleep,1548,task-Diffuse,851,9.896789047,null,,,,,
Sat Jan 02 10:07:56 CST 2010,DIRL,3,54,707,93,task-Sleep,1311,task-Diffuse,1088,6.13455468,null,,,,,
Sat Jan 02 10:07:56 CST 2010,DIRL,4,62,1338,136,task-Sleep,753,task-Diffuse,1646,0,9020.7,,,,,
Sat Jan 02 10:07:56 CST 2010,DIRL,5,40,254,81,task-10-0,1094,task-Sleep,885,task-Diffuse,420,0.097293664,null,,,
Sat Jan 02 10:07:56 CST 2010,DIRL,6,36,298,27,task-Sleep,1582,task-Diffuse,817,10.31988282,null,,,,,
Sat Jan 02 10:07:56 CST 2010,DIRL,7,11,37,45,task-10-0,885,task-Sleep,1308,task-Diffuse,206,6.392556109,null,,,
Sat Jan 02 10:07:56 CST 2010,DIRL,8,45,373,47,task-10-0,231,task-Sleep,1481,task-Diffuse,687,8.748954898,null,,,
Sat Jan 02 10:12:09 CST 2010,DIRL,1,89,847,75,task-Sleep,1060,task-Diffuse,1339,2.73991558,null,,,,,
Sat Jan 02 10:12:09 CST 2010,DIRL,2,89,965,88,task-Sleep,943,task-Diffuse,1456,1.024017253,null,,,,,
Sat Jan 02 10:12:09 CST 2010,DIRL,3,119,1259,147,task-Sleep,817,task-Diffuse,1582,0,10155.6,,,,,
Sat Jan 02 10:12:09 CST 2010,DIRL,4,114,1208,131,task-Sleep,795,task-Diffuse,1604,0,9550.7,,,,,
Sat Jan 02 10:12:09 CST 2010,DIRL,5,79,152,61,task-10-0,1070,task-Sleep,952,task-Diffuse,377,1.050888807,null,,,
Sat Jan 02 10:12:09 CST 2010,DIRL,6,79,686,71,task-Sleep,1050,task-Diffuse,1349,2.492347151,null,,,,,
Sat Jan 02 10:12:09 CST 2010,DIRL,7,22,142,54,task-10-0,747,task-Sleep,1262,task-Diffuse,390,5.691424922,null,,,
Sat Jan 02 10:12:09 CST 2010,DIRL,8,99,257,96,task-10-0,911,task-Sleep,915,task-Diffuse,573,0.408057732,null,,,
Sat Jan 02 10:20:47 CST 2010,DIRL,1,231,490,68,task-Sleep,1770,task-Diffuse,1229,3.308799076,null,,,1770,3000,
Sat Jan 02 10:20:47 CST 2010,DIRL,2,229,676,83,task-Sleep,1720,task-Diffuse,1279,2.567748923,null,,,1720,3000,
Sat Jan 02 10:20:47 CST 2010,DIRL,3,301,827,159,task-Sleep,1540,task-Diffuse,1459,0,14000.6,,,1540,3000,
Sat Jan 02 10:20:47 CST 2010,DIRL,4,301,969,183,task-Sleep,1477,task-Diffuse,1522,0,12470.7,,,1477,3000,
Sat Jan 02 10:20:47 CST 2010,DIRL,5,188,200,58,task-10-0,1122,task-Sleep,1521,task-Diffuse,356,0,14265.8,1521,3000,
Sat Jan 02 10:20:47 CST 2010,DIRL,6,187,187,30,task-Sleep,2052,task-Diffuse,947,7.483181383,null,,,2052,3000,
Sat Jan 02 10:20:47 CST 2010,DIRL,7,27,161,10,task-10-0,239,task-Sleep,2231,task-Diffuse,529,10.36372506,null,2231,3000,
Sat Jan 02 10:20:47 CST 2010,DIRL,8,188,221,90,task-10-0,1225,task-Sleep,1418,task-Diffuse,356,0,11931.1,1418,3000,
Sat Jan 02 10:20:47 CST 2010,DIRL,9,301,827,144,task-Sleep,1500,task-Diffuse,1499,0,12996.2,,,1500,3000,
Sat Jan 02 10:20:47 CST 2010,DIRL,10,228,977,106,task-Sleep,1494,task-Diffuse,1505,0,13936.3,,,1494,3000,
Sat Jan 02 10:20:47 CST 2010,DIRL,11,231,745,94,task-Sleep,1637,task-Diffuse,1362,1.378359612,null,,,1637,3000,
Sat Jan 02 10:20:47 CST 2010,DIRL,12,135,154,123,task-10-0,1538,task-Sleep,1254,task-Diffuse,207,0,8886.5,1254,3000,
Sat Jan 02 10:20:47 CST 2010,DIRL,13,267,1231,219,task-Sleep,1374,task-Diffuse,1625,0,10156.6,,,1374,3000,
Sat Jan 02 10:20:49 CST 2010,DIRL,1,221,861,96,task-Sleep,1687,task-Diffuse,1312,2.062963876,null,,,20988,39000,0.461846154
Sat Jan 02 10:20:49 CST 2010,DIRL,2,221,612,54,task-Sleep,1699,task-Diffuse,1300,2.259550734,null,,,,,
Sat Jan 02 10:20:49 CST 2010,DIRL,3,291,816,124,task-Sleep,1550,task-Diffuse,1449,0,13995.6,,,,,
Sat Jan 02 10:20:49 CST 2010,DIRL,4,267,1018,174,task-Sleep,1463,task-Diffuse,1536,0,11900.7,,,,,
Sat Jan 02 10:20:49 CST 2010,DIRL,5,179,140,55,task-10-0,882,task-Sleep,1509,task-Diffuse,608,0,14025.8,,,
Sat Jan 02 10:20:49 CST 2010,DIRL,6,178,476,54,task-Sleep,1928,task-Diffuse,1071,5.645495875,null,,,,,
Sat Jan 02 10:20:49 CST 2010,DIRL,7,26,145,11,task-10-0,247,task-Sleep,2242,task-Diffuse,510,10.51384099,null,,,
Sat Jan 02 10:20:49 CST 2010,DIRL,8,188,187,112,task-10-0,1275,task-Sleep,1407,task-Diffuse,317,0,11551.1,,,
Sat Jan 02 10:20:49 CST 2010,DIRL,9,291,954,191,task-Sleep,1510,task-Diffuse,1489,0,13281.2,,,,,
Sat Jan 02 10:20:49 CST 2010,DIRL,10,221,732,105,task-Sleep,1648,task-Diffuse,1351,1.519737521,null,,,,,
Sat Jan 02 10:20:49 CST 2010,DIRL,11,221,595,68,task-Sleep,1739,task-Diffuse,1260,2.855709681,null,,,,,
Sat Jan 02 10:20:49 CST 2010,DIRL,12,135,133,121,task-10-0,1523,task-Sleep,1268,task-Diffuse,208,0,8871.5,,,
Sat Jan 02 10:20:49 CST 2010,DIRL,13,267,981,181,task-Sleep,1426,task-Diffuse,1573,0,11231.6,,,,,
Sat Jan 02 10:32:17 CST 2010,DIRL,1,127,184,26,task-Sleep,2110,task-Diffuse,889,7.911950053,null,,,,,
Sat Jan 02 10:32:17 CST 2010,DIRL,2,114,252,15,task-Sleep,2159,task-Diffuse,840,8.397417084,null,,,,,
Sat Jan 02 10:32:17 CST 2010,DIRL,3,133,272,61,task-Sleep,1954,task-Diffuse,1045,4.808376108,null,,,,,
Sat Jan 02 10:32:17 CST 2010,DIRL,4,193,730,141,task-Sleep,1569,task-Diffuse,1430,0,13865.7,,,,,
Sat Jan 02 10:32:17 CST 2010,DIRL,5,61,116,57,task-10-0,801,task-Sleep,1675,task-Diffuse,523,1.724865767,null,,,
Sat Jan 02 10:32:17 CST 2010,DIRL,6,73,238,27,task-Sleep,2153,task-Diffuse,846,8.700191883,null,,,,,
Sat Jan 02 10:32:17 CST 2010,DIRL,7,9,124,17,task-10-0,246,task-Sleep,2219,task-Diffuse,534,10.17049366,null,,,
Sat Jan 02 10:32:17 CST 2010,DIRL,8,112,240,96,task-10-0,1046,task-Sleep,1434,task-Diffuse,519,0,12011.1,,,
Sat Jan 02 10:32:17 CST 2010,DIRL,9,133,301,78,task-Sleep,1993,task-Diffuse,1006,5.416307251,null,,,,,
Sat Jan 02 10:32:17 CST 2010,DIRL,10,147,302,47,task-Sleep,1993,task-Diffuse,1006,5.962451746,null,,,,,
Sat Jan 02 10:32:18 CST 2010,DIRL,11,149,703,105,task-Sleep,1590,task-Diffuse,1409,0.294465943,null,,,,,
Sat Jan 02 10:32:18 CST 2010,DIRL,12,79,130,187,task-10-0,1423,task-Sleep,1374,task-Diffuse,202,0,10986.5,,,
Sat Jan 02 10:32:18 CST 2010,DIRL,13,189,1055,286,task-Sleep,1447,task-Diffuse,1552,0,11126.6,,,,,
Sat Jan 02 10:32:18 CST 2010,DIRL,14,126,291,56,task-Sleep,2098,task-Diffuse,901,7.229243284,null,,,,,
Sat Jan 02 10:32:18 CST 2010,DIRL,15,183,1224,243,task-Sleep,1467,task-Diffuse,1532,0,12006.8,,,,,
Sat Jan 02 10:32:18 CST 2010,DIRL,16,173,804,141,task-Sleep,1658,task-Diffuse,1341,0.937938914,null,,,,,
Sat Jan 02 10:32:18 CST 2010,DIRL,17,114,259,46,task-Sleep,2198,task-Diffuse,801,8.962589302,null,,,,,
Sat Jan 02 10:32:18 CST 2010,DIRL,18,166,323,76,task-10-0,229,task-Sleep,2036,task-Diffuse,734,6.023547979,null,,,
Sat Jan 02 10:44:56 CST 2010,DIRL,1,497,774,122,task-Sleep,1689,task-Diffuse,1310,1.637245694,null,,,1689,3000,
Sat Jan 02 10:44:56 CST 2010,DIRL,2,643,443,111,task-Sleep,1747,task-Diffuse,1252,2.225511543,null,,,1747,3000,
Sat Jan 02 10:44:56 CST 2010,DIRL,3,613,1140,248,task-Sleep,1438,task-Diffuse,1561,0,10440.6,,,1438,3000,
Sat Jan 02 10:44:56 CST 2010,DIRL,4,707,733,96,task-Sleep,1552,task-Diffuse,1447,0,13210.7,,,1552,3000,
Sat Jan 02 10:44:56 CST 2010,DIRL,5,280,227,67,task-10-0,1069,task-Sleep,1511,task-Diffuse,419,0,13915.8,1511,3000,
Sat Jan 02 10:44:56 CST 2010,DIRL,6,345,506,76,task-Sleep,1749,task-Diffuse,1250,2.744948985,null,,,1749,3000,
Sat Jan 02 10:44:56 CST 2010,DIRL,7,34,88,9,task-10-0,250,task-Sleep,2286,task-Diffuse,463,11.12985106,null,2286,3000,
Sat Jan 02 10:44:56 CST 2010,DIRL,8,262,168,202,task-10-0,1526,task-Sleep,1265,task-Diffuse,208,0,8746.1,1265,3000,
Sat Jan 02 10:44:56 CST 2010,DIRL,9,707,538,155,task-Sleep,1562,task-Diffuse,1437,0,13541.2,,,1562,3000,
Sat Jan 02 10:44:56 CST 2010,DIRL,10,643,507,96,task-Sleep,1692,task-Diffuse,1307,1.409082393,null,,,1692,3000,
Sat Jan 02 10:44:56 CST 2010,DIRL,11,497,762,116,task-Sleep,1777,task-Diffuse,1222,2.936300581,null,,,1777,3000,
Sat Jan 02 10:44:57 CST 2010,DIRL,12,248,139,186,task-10-0,1299,task-Sleep,1350,task-Diffuse,350,0,10376.5,1350,3000,
Sat Jan 02 10:44:57 CST 2010,DIRL,13,707,626,173,task-Sleep,1517,task-Diffuse,1482,0,12231.6,,,1517,3000,
Sat Jan 02 10:44:57 CST 2010,DIRL,14,727,749,136,task-Sleep,1637,task-Diffuse,1362,0.30619174,null,,,1637,3000,
Sat Jan 02 10:44:57 CST 2010,DIRL,15,727,477,73,task-Sleep,1776,task-Diffuse,1223,2.363936269,null,,,1776,3000,
Sat Jan 02 10:44:57 CST 2010,DIRL,16,663,880,185,task-Sleep,1691,task-Diffuse,1308,1.304039604,null,,,1691,3000,
Sat Jan 02 10:44:57 CST 2010,DIRL,17,643,674,89,task-Sleep,1787,task-Diffuse,1212,2.798671909,null,,,1787,3000,
Sat Jan 02 10:44:57 CST 2010,DIRL,18,778,598,160,task-10-0,172,task-Sleep,1492,task-Diffuse,1335,0,12307.1,1492,3000,
Sat Jan 02 11:34:51 CST 2010,DIRL,1,85,942,85,task-Sleep,991,task-Diffuse,1408,1.58736632,null,,,29518,54000,0.45337037
Sat Jan 02 11:34:51 CST 2010,DIRL,2,85,975,93,task-Sleep,976,task-Diffuse,1423,1.369116041,null,,,,,
Sat Jan 02 11:34:51 CST 2010,DIRL,3,114,1271,146,task-Sleep,794,task-Diffuse,1605,0,9540.6,,,,,
Sat Jan 02 11:34:51 CST 2010,DIRL,1,81,1002,94,task-Sleep,950,task-Diffuse,1449,0.988795718,null,,,,,
Sat Jan 02 11:34:51 CST 2010,DIRL,2,81,862,83,task-Sleep,983,task-Diffuse,1416,1.480020673,null,,,,,
Sat Jan 02 11:34:51 CST 2010,DIRL,4,114,1272,164,task-Sleep,814,task-Diffuse,1585,0,9780.7,,,,,
Sat Jan 02 11:34:51 CST 2010,DIRL,3,107,1456,150,task-Sleep,821,task-Diffuse,1578,0,9890.6,,,,,
Sat Jan 02 11:34:51 CST 2010,DIRL,5,76,276,64,task-10-0,847,task-Sleep,979,task-Diffuse,573,1.283006511,null,,,
Sat Jan 02 11:34:52 CST 2010,DIRL,4,102,1438,185,task-Sleep,784,task-Diffuse,1615,0,9005.7,,,,,
Sat Jan 02 11:34:52 CST 2010,DIRL,6,76,727,68,task-Sleep,1188,task-Diffuse,1211,4.348164177,null,,,,,
Sat Jan 02 11:34:52 CST 2010,DIRL,5,71,126,63,task-10-0,1256,task-Sleep,902,task-Diffuse,241,0.173294396,null,,,
Sat Jan 02 11:34:52 CST 2010,DIRL,7,21,57,36,task-10-0,879,task-Sleep,1285,task-Diffuse,235,5.89932753,null,,,
Sat Jan 02 11:34:52 CST 2010,DIRL,8,95,277,100,task-10-0,1064,task-Sleep,917,task-Diffuse,418,0.260697478,null,,,
Sat Jan 02 11:34:52 CST 2010,DIRL,6,71,252,41,task-Sleep,1435,task-Diffuse,964,8.028401852,null,,,,,
Sat Jan 02 11:34:52 CST 2010,DIRL,7,20,53,6,task-10-0,205,task-Sleep,1797,task-Diffuse,397,13.45594818,null,,,
Sat Jan 02 11:34:52 CST 2010,DIRL,8,89,143,104,task-10-0,1390,task-Sleep,778,task-Diffuse,231,0,9491.1,,,
Sat Jan 02 11:35:39 CST 2010,DIFFUSION,1,21,2656,120,0,7610.4,,,,,,,,,
Sat Jan 02 11:35:39 CST 2010,DIFFUSION,2,21,2656,120,0,7615.5,,,,,,,,,
Sat Jan 02 11:35:39 CST 2010,DIFFUSION,3,42,20716,52,0,6900.6,,,,,,,,,
Sat Jan 02 11:35:39 CST 2010,DIFFUSION,4,42,20677,42,0,6900.7,,,,,,,,,
Sat Jan 02 11:35:39 CST 2010,DIFFUSION,5,28,10828,48,0,6920.8,,,,,,,,,
Sat Jan 02 11:35:39 CST 2010,DIFFUSION,6,28,10828,48,0,7235.9,,,,,,,,,
Sat Jan 02 11:35:39 CST 2010,DIFFUSION,7,21,17206,10,0,7271,,,,,,,,,
Sat Jan 02 11:35:39 CST 2010,DIFFUSION,8,35,11762,50,0,6791.1,,,,,,,,,
Sat Jan 02 11:40:25 CST 2010,DIFFUSION,1,19,15106,20160,0,6495.4,,,,,,,,,
Sat Jan 02 11:40:25 CST 2010,DIFFUSION,2,19,15075,20160,0,6575.5,,,,,,,,,
Sat Jan 02 11:40:25 CST 2010,DIFFUSION,3,31,53027,21171,0,5165.6,,,,,,,,,
Sat Jan 02 11:40:25 CST 2010,DIFFUSION,4,31,46944,19910,0,5030.7,,,,,,,,,
Sat Jan 02 11:40:25 CST 2010,DIFFUSION,5,22,40768,18213,0,5505.8,,,,,,,,,
Sat Jan 02 11:40:25 CST 2010,DIFFUSION,6,22,40843,18213,0,5570.9,,,,,,,,,
Sat Jan 02 11:40:25 CST 2010,DIFFUSION,7,16,30441,37641,0,5936,,,,,,,,,
Sat Jan 02 11:40:25 CST 2010,DIFFUSION,8,26,46928,55842,0,5126.1,,,,,,,,,
Sat Jan 02 11:56:10 CST 2010,DIRL,1,201,722,75,task-Sleep,1678,task-Diffuse,1321,1.700553447,null,,,,,
Sat Jan 02 11:56:10 CST 2010,DIRL,2,201,731,99,task-Sleep,1641,task-Diffuse,1358,1.148488015,null,,,,,
Sat Jan 02 11:56:10 CST 2010,DIRL,3,255,916,219,task-Sleep,1480,task-Diffuse,1519,0,11785.6,,,,,
Sat Jan 02 11:56:10 CST 2010,DIRL,4,255,1048,209,task-Sleep,1485,task-Diffuse,1514,0,12000.7,,,,,
Sat Jan 02 11:56:10 CST 2010,DIRL,5,156,173,97,task-10-0,1210,task-Sleep,1386,task-Diffuse,403,0,11020.8,,,
Sat Jan 02 11:56:10 CST 2010,DIRL,6,160,609,61,task-Sleep,1758,task-Diffuse,1241,2.916886125,null,,,,,
Sat Jan 02 11:56:10 CST 2010,DIRL,7,24,320,27,task-10-0,238,task-Sleep,2090,task-Diffuse,671,8.098695083,null,,,
Sat Jan 02 11:56:10 CST 2010,DIRL,8,182,198,64,task-10-0,968,task-Sleep,1504,task-Diffuse,527,0,13381.1,,,
Sat Jan 02 11:56:10 CST 2010,DIRL,9,218,1092,202,task-Sleep,1384,task-Diffuse,1615,0,9576.2,,,,,
Sat Jan 02 11:56:11 CST 2010,DIRL,10,201,903,108,task-Sleep,1563,task-Diffuse,1436,0.022114859,null,,,,,
Sat Jan 02 11:56:11 CST 2010,DIRL,11,201,627,96,task-Sleep,1618,task-Diffuse,1381,0.858468159,null,,,,,
Sat Jan 02 11:56:11 CST 2010,DIRL,12,135,184,118,task-10-0,1481,task-Sleep,1254,task-Diffuse,264,0,8501.5,,,
Sat Jan 02 11:56:11 CST 2010,DIRL,13,268,949,162,task-Sleep,1485,task-Diffuse,1514,0,12221.6,,,,,
Sat Jan 02 12:14:33 CST 2010,DIRL,1,257,719,95,task-Sleep,1672,task-Diffuse,1327,1.558801449,null,,,,,
Sat Jan 02 12:14:34 CST 2010,DIRL,2,257,796,89,task-Sleep,1653,task-Diffuse,1346,1.277523223,null,,,,,
Sat Jan 02 12:14:34 CST 2010,DIRL,3,322,870,172,task-Sleep,1503,task-Diffuse,1496,0,12570.6,,,,,
Sat Jan 02 12:14:34 CST 2010,DIRL,4,346,691,146,task-Sleep,1598,task-Diffuse,1401,0,14475.7,,,,,
Sat Jan 02 12:14:35 CST 2010,DIRL,5,211,146,55,task-10-0,928,task-Sleep,1531,task-Diffuse,540,0,14030.8,,,
Sat Jan 02 12:14:35 CST 2010,DIRL,6,210,531,59,task-Sleep,1670,task-Diffuse,1329,1.564185341,null,,,,,
Sat Jan 02 12:14:35 CST 2010,DIRL,7,30,80,80,task-10-0,932,task-Sleep,1746,task-Diffuse,321,3.012653323,null,,,
Sat Jan 02 12:14:35 CST 2010,DIRL,8,188,419,130,task-10-0,860,task-Sleep,1430,task-Diffuse,709,0,11766.1,,,
Sat Jan 02 12:14:35 CST 2010,DIRL,9,322,1037,208,task-Sleep,1489,task-Diffuse,1510,0,12086.2,,,,,
Sat Jan 02 12:14:36 CST 2010,DIRL,10,257,633,75,task-Sleep,1655,task-Diffuse,1344,1.346785027,null,,,,,
Sat Jan 02 12:14:36 CST 2010,DIRL,11,257,558,71,task-Sleep,1758,task-Diffuse,1241,2.857709906,null,,,,,
Sat Jan 02 12:14:36 CST 2010,DIRL,12,199,140,83,task-10-0,1081,task-Sleep,1427,task-Diffuse,491,0,12051.5,,,
Sat Jan 02 12:14:36 CST 2010,DIRL,13,346,813,146,task-Sleep,1643,task-Diffuse,1356,0.472425958,null,,,,,
Sat Jan 02 12:25:35 CST 2010,DIRL,1,656,591,96,task-Sleep,2254,task-Diffuse,1345,0,17905.4,,,,,
Sat Jan 02 12:25:35 CST 2010,DIRL,2,1047,478,94,task-Sleep,2387,task-Diffuse,1212,0.884324357,null,,,,,
Sat Jan 02 12:25:36 CST 2010,DIRL,3,867,765,222,task-Sleep,2113,task-Diffuse,1486,0,11825.6,,,,,
Sat Jan 02 12:25:36 CST 2010,DIRL,4,867,751,174,task-Sleep,2092,task-Diffuse,1507,0,11450.7,,,,,
Sat Jan 02 12:25:36 CST 2010,DIRL,5,312,217,55,task-10-0,731,task-Sleep,2211,task-Diffuse,657,0,17190.8,,,
Sat Jan 02 12:25:37 CST 2010,DIRL,6,457,395,67,task-Sleep,2427,task-Diffuse,1172,2.639929308,null,,,,,
Sat Jan 02 12:25:37 CST 2010,DIRL,7,40,269,89,task-10-0,831,task-Sleep,2165,task-Diffuse,603,0,17226,,,
Sat Jan 02 12:25:37 CST 2010,DIRL,8,440,493,152,task-10-0,843,task-Sleep,1954,task-Diffuse,802,0,10781.1,,,
Sat Jan 02 12:25:37 CST 2010,DIRL,9,992,438,119,task-Sleep,2120,task-Diffuse,1479,0,12111.2,,,,,
Sat Jan 02 12:25:38 CST 2010,DIRL,10,977,916,178,task-Sleep,2142,task-Diffuse,1457,0,13631.3,,,,,
Sat Jan 02 12:25:38 CST 2010,DIRL,11,656,503,76,task-Sleep,2375,task-Diffuse,1224,1.637956116,null,,,,,
Sat Jan 02 12:25:38 CST 2010,DIRL,12,312,182,83,task-10-0,804,task-Sleep,2183,task-Diffuse,612,0,16526.5,,,
Sat Jan 02 12:25:39 CST 2010,DIRL,13,992,454,103,task-Sleep,2100,task-Diffuse,1499,0,12056.6,,,,,
Sat Jan 02 12:25:39 CST 2010,DIRL,14,1135,359,85,task-Sleep,2339,task-Diffuse,1260,0,17826.7,,,,,
Sat Jan 02 12:25:40 CST 2010,DIRL,15,1104,591,164,task-Sleep,2177,task-Diffuse,1422,0,14071.8,,,,,
Sat Jan 02 12:25:40 CST 2010,DIRL,16,959,493,123,task-Sleep,2177,task-Diffuse,1422,0,14701.9,,,,,
Sat Jan 02 12:25:41 CST 2010,DIRL,17,1047,229,68,task-Sleep,2341,task-Diffuse,1258,0.225430633,null,,,,,
Sat Jan 02 12:25:41 CST 2010,DIRL,18,937,692,342,task-10-0,526,task-Sleep,2024,task-Diffuse,1049,0,10507.1,,,
Sat Jan 02 12:25:41 CST 2010,DIRL,19,751,451,75,task-Sleep,2468,task-Diffuse,1131,2.849582517,null,,,,,
Sat Jan 02 12:25:42 CST 2010,DIRL,20,650,390,51,task-Sleep,2485,task-Diffuse,1114,3.485067274,null,,,,,
Sat Jan 02 12:25:42 CST 2010,DIRL,21,977,591,123,task-Sleep,2143,task-Diffuse,1456,0,13407.4,,,,,
Sat Jan 02 12:25:42 CST 2010,DIRL,22,232,502,236,task-10-0,1128,task-Sleep,1796,task-Diffuse,675,0,8487.5,,,
Sat Jan 02 12:25:42 CST 2010,DIRL,23,926,689,96,task-Sleep,2146,task-Diffuse,1453,0,13997.6,,,,,
Sat Jan 02 12:28:22 CST 2010,DIRL,1,696,685,106,task-Sleep,2345,task-Diffuse,1254,1.105269012,null,,,,,
Sat Jan 02 12:28:22 CST 2010,DIRL,2,1135,521,109,task-Sleep,2286,task-Diffuse,1313,0,16815.5,,,,,
Sat Jan 02 12:28:22 CST 2010,DIRL,3,1031,871,208,task-Sleep,2111,task-Diffuse,1488,0,12155.6,,,,,
Sat Jan 02 12:28:23 CST 2010,DIRL,4,1031,611,140,task-Sleep,2132,task-Diffuse,1467,0,12700.7,,,,,
Sat Jan 02 12:28:23 CST 2010,DIRL,5,327,193,78,task-10-0,1014,task-Sleep,2133,task-Diffuse,452,0,15020.8,,,
Sat Jan 02 12:28:23 CST 2010,DIRL,6,475,231,59,task-Sleep,2416,task-Diffuse,1183,2.48208009,null,,,,,
